=LDR  03389aam a2200541 i 4500
=001  016541093
=003  Uk
=005  20140611130114.0
=008  130911s2013\\\\enkbd\\\\b\\\\000\0\eng\d
=015  \\$aGBB3A3400$2bnb
=016  7\$a016541093$2Uk
=035  \\$a(IeDuTC)b154446919
=040  \\$aIeDuTC$beng$cIeDuTC$dUk$erda
=042  \\$aukscp
=082  04$a364.942$223
=100  1\$aJanke, Katharina,$eauthor.
=245  10$aDoes violent crime deter physical activity? /$cKatharina Janke, University of Bristol, Carol Propper, Imperial College London, and Michael Shields, University of Melbourne.
=264  \1$aLondon, UK :$bCentre for Economic Policy Research,$c2013.
=300  \\$a36 pages :$bcharts, maps ;$c21 cm.
=336  \\$atext$2rdacontent
=337  \\$aunmediated$2rdamedia
=338  \\$avolume$2rdacarrier
=490  1\$aDiscussion paper series,$x0265-8003 ;$vno. 9605.$aPublic policy
=500  \\$a"September 2013."
=500  \\$a"Submitted 12 August 2013."
=504  \\$aIncludes bibliographical references.
=520  \\$aCrime has been argued to have important externalities. We investigate the relationship between violent crime and an important type of behaviour: individuals' participation in their local area through walking and physical activity. We use a sample of nearly 1 million people residing in over 320 small areas in England between 2005 and 2011. We show that concerns about personal safety co-move with police recorded violent crime. To identify the causal effect of recorded violent crime on walking and other physical activity we control for individual-level characteristics, non-time varying local authority effects, national time effects and local authority-specific trends. In addition, we exploit a natural experiment that caused a sudden increase in crime -- the 2011 England riots -- to identify the causal impact of a large exogenous crime shock on physical activity in a triple difference framework. Our results show a substantive deterrent effect of local area violent crime on walking, pointing to important effects of violent crime on non-victims. The adverse effect of an increase in local area violent crime from the 25th to the 75th percentile on walking is equivalent in size to a 6°C fall in average minimum temperature--Abstract.
=650  \0$aFear of crime$zEngland.
=650  \0$aExercise$zEngland.
=650  \0$aWalking$zEngland.
=690  7\$aSocial Welfare$2blcoll
=700  1\$aPropper, Carol,$d1956-$eauthor.
=700  1\$aShields, Michael,$eauthor.
=710  2\$aCentre for Economic Policy Research (Great Britain),$epublisher.
=830  \0$aDiscussion paper (Centre for Economic Policy Research (Great Britain)) ;$vno. 9605.
=830  \0$aDiscussion paper (Centre for Economic Policy Research (Great Britain)).$pPublic policy.
=852  41$aBritish Library$bHMNTS$jYK.2014.a.13021
=856  40$3Electronic version$uhttp://www.cepr.org/pubs/dps/DP9605
=985  \\$aLDLSCP record - no ISBN match on import to BLL01
=CAT  \\$aBATCH-LDLN$b00$c20131111$lBLL01$h2136
=CAT  \\$a6632$b40$c20140519$lBLL01$h1401
=CAT  \\$a6537$b40$c20140611$lBLL01$h1301
=CAT  \\$aBATCH-SWP$c20140621$lBLL01$h0038
=CAT  \\$aWR16_021$c20160709$lBLL01$h1821
=CAT  \\$aBATCH-UPD$b00$c20160709$lBLL01$h2039
=FIN  \\$aY$d20140611
=FMT  \\$a  BK
=LAS  \\$aBATCH-UPD$b00$c20160709$lBLL01$h2039

