=LDR  03911 am a2200625 i 4500
=001  018611712
=003  Uk
=005  20210409212245.0
=008  180208s2017\\\\enkbd\\\\b\\\\000\0\eng\c
=015  \\$aGBB836270$2bnb
=016  7\$a018611712$2Uk
=035  \\$a(IeDuTC)b172324622
=040  \\$aUk$beng$cUk$dIeDuTC$erda
=042  \\$aukscp
=082  04$a381.109492$223
=100  1\$aKoster, Hans,$eauthor.
=245  10$aShopping externalities and retail concentration :$bevidence from Dutch shopping streets /$cHans Koster, Ilias Pasidis and Jos van Ommeren.
=264  \1$aLondon, UK :$bCentre for Economic Policy Research,$c11 August 2017.
=300  \\$a1 volume (various pagings) :$bcharts (black and white), map ;$c21 cm.
=336  \\$atext$2rdacontent
=336  \\$astill image$2rdacontent
=336  \\$acartographic image$2rdacontent
=337  \\$aunmediated$2rdamedia
=338  \\$avolume$2rdacarrier
=490  1\$aDiscussion paper series,$x0265-8003 ;$vDP12216.$aInternational trade and regional economics
=500  \\$a"Submitted 11 August 2017".
=500  \\$aIssued under the auspices of the Centre's research programme in International trade and regional economics.
=504  \\$aIncludes bibliographical references.
=520  \\$aWhy do shops cluster in shopping streets? According to theory, retail firms benefit from shopping externalities. We identify these externalities for the main shopping streets in the Netherlands by estimating the effect of footfall -- the number of pedestrians that pass by -- on store owner's rental income, which is a composite of the effects of footfall on shop rent and on vacancy rates. We address endogeneity issues by exploiting spatial variation between intersecting streets. Our estimates imply an elasticity of rental income with respect to footfall of 0.25. We find that a shop's marginal benefit of a passing pedestrian is € 0.005. It follows that subsidies to retail firms that increase with the levels of footfall generated by these shops are welfare improving. The optimal subsidy to store owners is, on average, 10 percent of the rent, but is higher for retail firms that generate high levels of footfall. Although explicit subsidies are controversial and difficult to implement, our results seem to justify current policy practices which cluster shops by pedestrianisation of shopping streets or by providing subsidised parking for shoppers.
=650  \0$aRetail trade$zNetherlands.
=650  \0$aShopping centers$xLocation$zNetherlands.
=650  \0$aExternalities (Economics)
=690  7\$aManagement and Business Studies$2blcoll
=700  1\$aPasidis, Ilias,$d1987-$eauthor.
=700  1\$aOmmeren, Jos van,$eauthor.
=710  2\$aCentre for Economic Policy Research (Great Britain),$eissuing body.
=830  \0$aDiscussion paper (Centre for Economic Policy Research (Great Britain)) ;$vno. 12216.
=830  \0$aDiscussion paper (Centre for Economic Policy Research (Great Britain)).$pInternational trade and regional economics.
=852  41$aBritish Library$bHMNTS$jYK.2018.a.6417
=856  41$uhttp://www.cepr.org/active/publications/discussion_papers/dp.php?dpno=12216$zAlso available on the Centre for Economic Policy Research's website
=985  \\$aLDL record matched & merged
=CAT  \\$a11012$b40$c20171117$lBLL01$h0943
=CAT  \\$aBATCH-016$c20171122$lBLL01$h2204
=CAT  \\$aBATCH-LDLE$b00$c20180219$lBLL01$h2135
=CAT  \\$c20180219$lBLL01$h2135
=CAT  \\$aBATCH-LDLL$b00$c20180219$lBLL01$h2136
=CAT  \\$aBATCH-LDL4$b00$c20180219$lBLL01$h2136
=CAT  \\$aBATCH-UPD$b00$c20180219$lBLL01$h2136
=CAT  \\$aBATCH-016$c20180222$lBLL01$h0030
=CAT  \\$a11405$b40$c20181109$lBLL01$h0938
=CAT  \\$a5883$b40$c20210324$lBLL01$h1015
=CAT  \\$aBATCH-MBS$c20210409$lBLL01$h2122
=FIN  \\$aY$d20210324
=FMT  \\$a  BK
=LAS  \\$aBATCH-MBS$b00$c20210409$lBLL01$h2122

