=LDR  03327 am a2200553 i 4500
=001  018755435
=003  Uk
=005  20181128134623.0
=008  180208s2017\\\\enkd\\\\\b\\\\000\0\eng\c
=015  \\$aGBB836232$2bnb
=016  7\$a018755435$2Uk
=035  \\$a(IeDuTC)b17232175x
=040  \\$aIeDuTC$beng$cIeDuTC$erda
=042  \\$aukscp
=043  \\$an-us---
=100  1\$aGutierrez, German,$d1988-$eauthor.
=245  10$aDeclining competition and investment in the U.S. /$cGerman Gutierrez and Thomas Philippon.
=264  \1$aLondon, UK :$bCentre for Economic Policy Research,$c22 December 2017.
=300  \\$a77 pages :$bgraphs (black and white) ;$c21 cm.
=336  \\$atext$2rdacontent
=336  \\$astill image$2rdacontent
=337  \\$aunmediated$2rdamedia
=338  \\$avolume$2rdacarrier
=490  1\$aDiscussion paper series,$x0265-8003 ;$vDP12536.$aIndustrial organization and Macroeconomics and growth
=500  \\$a"Submitted 22 December 2017".
=500  \\$aIssued under the auspices of the Centre's research programme in Industrial organization and Macroeconomics and growth.
=504  \\$aIncludes bibliographical references.
=520  \\$aWe argue that the increasing concentration of US industries is not an efficient response to changes in technology and reflects instead decreasing domestic competition. Concentration has risen in the U.S. but not in Europe; concentration and productivity are negatively related; and industry leaders cut investment when concentration increases. We then establish the causal impact of competition on investment using Chinese competition in manufacturing, noisy entry in the late 1990s, and discrete jumps in concentration following large M&As. We find that more (less) competition causes more (less) investment, particularly in intangible assets and by industry leaders.
=650  \0$aCapital investments$zUnited States$xDecision making$xEconometric models.
=650  \0$aCompetition$zUnited States$xEconometric models.
=650  \0$aBusiness enterprises$zUnited States$xFinance$xEconometric models.
=650  \0$aBusiness enterprises$zUnited States$xManagement$xEconometric models.
=650  \0$aIndustrial concentration$zUnited States$xEconometric models.
=650  \0$aTobin's q$xEconometric models.
=700  1\$aPhilippon, Thomas,$eauthor.
=710  2\$aCentre for Economic Policy Research (Great Britain),$eissuing body,$epublisher.
=830  \0$aDiscussion paper (Centre for Economic Policy Research (Great Britain)) ;$vno. 12536.
=830  \0$aDiscussion paper (Centre for Economic Policy Research (Great Britain)).$pIndustrial organization.
=830  \0$aDiscussion paper (Centre for Economic Policy Research (Great Britain)).$pMacroeconomics and growth.
=852  41$aBritish Library$bHMNTS$jYK.2018.a.7047
=856  41$uhttp://www.cepr.org/active/publications/discussion_papers/dp.php?dpno=12536$zAlso available from the Centre for Economic Policy Research's website
=985  \\$aAwaiting NetCat DDC
=985  \\$aLDLSCP record - no ISBN match on import to BLL01
=CAT  \\$aBATCH-LDLN$b00$c20180219$lBLL01$h2135
=CAT  \\$aBATCH-UPD$b00$c20180219$lBLL01$h2136
=CAT  \\$aBATCH-016$c20180912$lBLL01$h2155
=CAT  \\$a10999$b40$c20181128$lBLL01$h1346
=FMT  \\$a  BK
=LAS  \\$a10999$b40$c20181128$lBLL01$h1346

