=LDR  03611 am a2200505 i 4500
=001  018755437
=003  Uk
=005  20181128121020.0
=008  180208s2017\\\\enkd\\\\\b\\\\000\0\eng\c
=015  \\$aGBB836234$2bnb
=016  7\$a018755437$2Uk
=035  \\$a(IeDuTC)b172324701
=040  \\$aIeDuTC$beng$cIeDuTC$erda
=042  \\$aukscp
=100  1\$aPorzio, Tommaso,$eauthor.
=245  10$aStructural change and the supply of agricultural workers /$cTommaso Porzio and Gabriella Santangelo.
=264  \1$aLondon :$bCentre for Economic Policy Research,$c11 December 2017.
=300  \\$a60 pages :$bcharts (black and white) ;$c21 cm.
=336  \\$atext$2rdacontent
=336  \\$astill image$2rdacontent
=337  \\$aunmediated$2rdamedia
=338  \\$avolume$2rdacarrier
=490  1\$aDiscussion paper series,$x0265-8003 ;$vDP12495.$aMacroeconomics and growth
=500  \\$a"Submitted 11 December 2017".
=500  \\$aIssued under the auspices of the Centre's research programme in Macroeconomics and growth.
=504  \\$aIncludes bibliographical references.
=520  \\$aWhat explains labor reallocation out of agriculture? We show that decreases in the supply of agricultural workers, due to younger birth-cohorts having skills which are more valued out of agriculture, play a major, and previously overlooked, role. First, we use micro data from 52 countries to decompose aggregate labor reallocation into year and cohort effects. Cohort effects accounts for more than half of overall reallocation. Then, we develop an overlapping generations model to provide an analytical and parsimonious map from the statistical objects, year and cohort effects, into the structural objects of interest, demand and supply of agricultural workers. The map is modulated by mobility frictions and general equilibrium, which we discipline with micro data. Filtering the data through the model, we conclude that decreases in the supply of agricultural workers account for a sizable fraction, approximately one third, of labor reallocation. Finally, we show that, both within and across countries, larger increases in schooling across cohorts are correlated with faster reallocation out of agriculture, suggesting that human capital determines the supply of agricultural workers. We provide further, and causal, evidence on the role of human capital by showing that a school construction program in Indonesia led to labor reallocation out of agriculture.
=650  \0$aAgriculture$xEconomic aspects$xEconometric models.
=650  \0$aAgricultural productivity$xEconometric models.
=650  \0$aLabor productivity$xEconometric models.
=650  \0$aHuman capital$xEconometric models.
=700  1\$aSantangelo, Gabriella,$eauthor.
=710  2\$aCentre for Economic Policy Research (Great Britain),$eissuing body.
=830  \0$aDiscussion paper (Centre for Economic Policy Research (Great Britain)) ;$vno. 12495.
=830  \0$aDiscussion paper (Centre for Economic Policy Research (Great Britain)).$pMacroeconomics and growth.
=852  41$aBritish Library$bHMNTS$jYK.2018.a.7029
=856  41$uhttp://www.cepr.org/active/publications/discussion_papers/dp.php?dpno=12495$zAlso available on the Centre for Economic Policy Research's website
=985  \\$aAwaiting NetCat DDC
=985  \\$aLDLSCP record - no ISBN match on import to BLL01
=CAT  \\$aBATCH-LDLN$b00$c20180219$lBLL01$h2135
=CAT  \\$aBATCH-UPD$b00$c20180219$lBLL01$h2136
=CAT  \\$aBATCH-016$c20180221$lBLL01$h2235
=CAT  \\$a10999$b40$c20181128$lBLL01$h1210
=FMT  \\$a  BK
=LAS  \\$a10999$b40$c20181128$lBLL01$h1210

