=LDR  03255 am a2200565 i 4500
=001  018445269
=003  Uk
=005  20210212214711.0
=008  170612s2017\\\\enka\\\\\b\\\\000\0\eng\c
=015  \\$aGBB7D1989$2bnb
=016  7\$a018445269$2Uk
=020  \\$qpaperback
=035  \\$a(WlAbNL)99755930702419
=035  \\$a(StEdALDL)1/3582454
=035  \\$a(UkOxU)020905718
=040  \\$aStEdALDL$beng$cStEdALDL$dWlAbNL$erda
=042  \\$aukscp
=082  04$a336.006$223
=100  1\$aBisin, Alberto,$eauthor.
=245  10$aOn the joint evolution of culture and institutions /$cAlberto Bisin and Thierry Verdier.
=264  \1$aLondon :$bCentre for Economic Policy Research,$c27 April 2017.
=300  \\$a67, 33 pages :$billustrations (black and white) ;$c21 cm.
=336  \\$atext$btxt$2rdacontent
=336  \\$astill image$bsti$2rdacontent
=337  \\$aunmediated$bn$2rdamedia
=338  \\$avolume$bnc$2rdacarrier
=490  1\$aDiscussion paper (Centre for Economic Policy Research (Great Britain)),$x0265-8003$aPublic economics$aDevelopment economics$aEconomic history$aMacroeconomics and growth ;$vno 12000
=500  \\$a"Submitted 27 April 2017".
=504  \\$aIncludes bibliographical references (pages 40-45).
=520  \\$aExplanations of economic growth and prosperity commonly identify a unique causal effect, e.g., institutions, culture, human capital, geography. In this paper we provide instead a theoretical modeling of the interaction between culture and institutions and their effects on economic activity. We characterize conditions on the socio-economic environment such that culture and institutions complement (resp. substitute) each other, giving rise to a multiplier effect which amplifies (resp. dampens) their combined ability to spur economic activity. We show how the joint dynamics of culture and institutions may display interesting non-ergodic behavior, hysteresis, oscillations, and comparative dynamics. Finally, in specific example societies, we study how culture and institutions interact to determine the sustainability of extractive societies as well as the formation of civic capital and of legal systems protecting property rights.
=650  \0$aCulture$xEconomic aspects$xEconometric models.
=650  \0$aEconomic development.
=650  \0$aEconomic history.
=690  7\$aManagement and Business Studies$2blcoll
=700  1\$aVerdier, Thierry,$d1961-$eauthor.
=710  2\$aCentre for Economic Policy Research (Great Britain),$eissuing body.
=830  \0$aDiscussion paper (Centre for Economic Policy Research (Great Britain)) ;$vno. 12000.
=852  41$aBritish Library$bHMNTS$jYK.2018.a.5214
=856  40$uhttp://www.cepr.org/active/publications/discussion_papers/dp.php?dpno=12000
=985  \\$aLDLSCP record - no ISBN match on import to BLL01
=CAT  \\$aBATCH-LDLN$b00$c20170731$lBLL01$h2130
=CAT  \\$aBATCH-UPD$b00$c20170731$lBLL01$h2131
=CAT  \\$aBATCH-016$c20170802$lBLL01$h2208
=CAT  \\$a11405$b40$c20180906$lBLL01$h1117
=CAT  \\$a7143$b40$c20210208$lBLL01$h1409
=CAT  \\$a7143$b40$c20210209$lBLL01$h1251
=CAT  \\$aBATCH-MBS$c20210212$lBLL01$h2147
=FIN  \\$aY$d20210208
=FMT  \\$a  BK
=LAS  \\$aBATCH-MBS$b00$c20210212$lBLL01$h2147

