=LDR  02797 am a2200541 i 4500
=001  018445274
=003  Uk
=005  20210212214711.0
=008  170612s2017\\\\enka\\\\\b\\\\000\0\eng\c
=015  \\$aGBB7D1994$2bnb
=016  7\$a018445274$2Uk
=020  \\$qpaperback
=035  \\$a(WlAbNL)99755943102419
=035  \\$a(StEdALDL)1/3582442
=035  \\$a(UkOxU)020905707
=040  \\$aStEdALDL$beng$cStEdALDL$dWlAbNL$erda
=042  \\$aukscp
=082  04$a382.601$223
=100  1\$aBertola, Giuseppe,$eauthor.
=245  10$aWedges :$bdistribution, distortions, and market integration /$cGiuseppe Bertola.
=264  \1$aLondon :$bCentre for Economic Policy Research,$c21 April 2017.
=300  \\$a35 pages :$billustrations (black and white) ;$c21 cm.
=336  \\$atext$btxt$2rdacontent
=336  \\$astill image$bsti$2rdacontent
=337  \\$aunmediated$bn$2rdamedia
=338  \\$avolume$bnc$2rdacarrier
=490  1\$aDiscussion paper (Centre for Economic Policy Research (Great Britain)),$x0265-8003$aMacroeconomics and growth ;$vno. 11980
=500  \\$a"Submitted 21 April 2017".
=504  \\$aIncludes bibliographical references (pages 34-35).
=520  \\$aThis paper proposes a stylized model of policy determination and imperfect international integration. A policy wedge aims to correct laissez-faire market imperfections and/or redistribute welfare across heterogeneous agents. Policy is subject to both race-to-the-bottom and beggar-thy-neighbor forces if the country's politico-economic equilibrium interacts with the rest of the world. Variation of international market wedges induces patterns of country-specific regulation and deregulation that depend on political and structural features in non-obvious, intuitive, and empirically realistic ways.
=650  \0$aCapital movements$xEconometric models.
=650  \0$aEconomic policy$xEconometric models.
=650  \0$aInternational economic integration$xEconometric models.
=690  7\$aManagement and Business Studies$2blcoll
=710  2\$aCentre for Economic Policy Research (Great Britain),$eissuing body.
=830  \0$aDiscussion paper (Centre for Economic Policy Research (Great Britain)) ;$vno. 11980.
=852  41$aBritish Library$bHMNTS$jYK.2018.a.5224
=856  40$uhttp://www.cepr.org/active/publications/discussion_papers/dp.php?dpno=11980
=985  \\$aLDLSCP record - no ISBN match on import to BLL01
=CAT  \\$aBATCH-LDLN$b00$c20170731$lBLL01$h2130
=CAT  \\$aBATCH-UPD$b00$c20170731$lBLL01$h2131
=CAT  \\$aBATCH-016$c20170802$lBLL01$h2208
=CAT  \\$a11405$b40$c20180906$lBLL01$h1126
=CAT  \\$a7143$b40$c20210209$lBLL01$h1248
=CAT  \\$aBATCH-MBS$c20210212$lBLL01$h2147
=FIN  \\$aY$d20210209
=FMT  \\$a  BK
=LAS  \\$aBATCH-MBS$b00$c20210212$lBLL01$h2147

