=LDR  03247 am a2200541 i 4500
=001  018445275
=003  Uk
=005  20180821143446.0
=008  170612s2017\\\\enkab\\\\\\b\\000\0\eng\c
=015  \\$aGBB7D1995$2bnb
=016  7\$a018445275$2Uk
=020  \\$qpaperback
=035  \\$a(WlAbNL)99755943202419
=035  \\$a(StEdALDL)1/3582479
=035  \\$a(UkOxU)020905743
=040  \\$aStEdALDL$beng$cStEdALDL$dWlAbNL$erda
=042  \\$aukscp
=100  1\$aBecker, Sascha O.,$eauthor.
=245  10$aWho voted for Brexit? :$ba comprehensive district-level analysis /$cSascha O. Becker, Thiemo Fetzer and Dennis Novy.
=264  \1$aLondon :$bCentre for Economic Policy Research,$c05 April 2017.
=300  \\$a62 pages :$billustrations (black and white), maps (black and white) ;$c21 cm.
=336  \\$atext$btxt$2rdacontent
=336  \\$astill image$bsti$2rdacontent
=336  \\$acartographic image$bcri$2rdacontent
=337  \\$aunmediated$bn$2rdamedia
=338  \\$avolume$bnc$2rdacarrier
=490  1\$aDiscussion paper (Centre for Economic Policy Research (Great Britain)),$x0265-8003$aLabour economics$aPublic economics$aInternational trade and regional economics ;$vno. 11954
=500  \\$a"Submitted 05 April 2017".
=504  \\$aIncludes bibliographical references (pages 37-40).
=520  \\$aOn 23 June 2016, the British electorate voted to leave the European Union. We analyze vote and turnout shares across 380 local authority areas in the United Kingdom. We find that exposure to the EU in terms of immigration and trade provides relatively little explanatory power for the referendum vote. Instead, we find that fundamental characteristics of the voting population were key drivers of the Vote Leave share, in particular their education profiles, their historical dependence on manufacturing employment as well as low income and high unemployment. At the much finer level of wards within cities, we find that areas with deprivation in terms of education, income and employment were more likely to vote Leave. Our results indicate that a higher turnout of younger voters, who were more likely to vote Remain, would not have overturned the referendum result.
=650  \0$aVoting$xEconomic aspects.
=650  \0$aGlobalization$xPolitical aspects.
=651  \0$aEuropean Union countries$xForeign economic relations$zGreat Britain.
=651  \0$aGreat Britain$xForeign economic relations$zEuropean Union countries.
=700  1\$aFetzer, Thiemo,$d1986-$eauthor.
=700  1\$aNovy, Dennis,$eauthor.
=710  2\$aCentre for Economic Policy Research (Great Britain),$eissuing body.
=830  \0$aDiscussion paper (Centre for Economic Policy Research (Great Britain)) ;$vno. 11954.
=852  41$aBritish Library$bHMNTS$jYK.2018.a.4830
=856  40$uhttp://www.cepr.org/active/publications/discussion_papers/dp.php?dpno=11954
=985  \\$aAwaiting NETCAT record - item sent to shelf
=985  \\$aLDLSCP record - no ISBN match on import to BLL01
=CAT  \\$aBATCH-LDLN$b00$c20170731$lBLL01$h2130
=CAT  \\$aBATCH-UPD$b00$c20170731$lBLL01$h2131
=CAT  \\$aBATCH-016$c20170802$lBLL01$h2208
=CAT  \\$a10999$b40$c20180821$lBLL01$h1434
=FMT  \\$a  BK
=LAS  \\$a10999$b40$c20180821$lBLL01$h1434

