=LDR  03405 am a2200565 i 4500
=001  018457509
=003  Uk
=005  20210226215430.0
=008  170612s2017\\\\enka\\\\\b\\\\000\0\eng\c
=015  \\$aGBB7D4685$2bnb
=016  7\$a018457509$2Uk
=020  \\$qpaperback
=035  \\$a(WlAbNL)99755934702419
=035  \\$a(StEdALDL)1/3582424
=035  \\$a(UkOxU)020905689
=040  \\$aStEdALDL$beng$cStEdALDL$dWlAbNL$erda
=042  \\$aukscp
=082  04$a352.53$223
=100  1\$aBest, Michael,$d1984-$eauthor.
=245  10$aIndividuals and organizations as sources of state effectiveness, and consequences for policy design /$cMichael Best, Jonas Hjort, David Szakonyi.
=264  \1$aLondon :$bCentre for Economic Policy Research,$c2017.
=300  \\$a54 pages :$billustrations (black and white) ;$c21 cm.
=336  \\$atext$btxt$2rdacontent
=336  \\$astill image$bsti$2rdacontent
=337  \\$aunmediated$bn$2rdamedia
=338  \\$avolume$bnc$2rdacarrier
=490  1\$aDiscussion paper (Centre for Economic Policy Research (Great Britain)),$x0265-8003$aDevelopment economics$aPublic economics ;$vno. 11968
=500  \\$a"Submitted 18 April 2017".
=504  \\$aIncludes bibliographical references (pages 30-35).
=520  \\$aHow much of the variation in state effectiveness is due to the individuals and organizations responsible for implementing policy? We investigate this question and its implications for policy design in the context of public procurement, using a text-based product classification method to measure bureaucratic output. We show that effective procurers lower bid preparation/submission costs, and that 60% of within-product purchase-price variation across 16 million purchases in Russia in 2011-2015 is due to the bureaucrats and organizations administering procurement processes. This has dramatic policy consequences. To illustrate these, we study a ubiquitous procurement policy: bid preferences for favored firms (here domestic manufacturers). The policy decreases overall entry and increases prices when procurers are effective, but has the opposite impact with ineffective procurers, as predicted by a simple endogenous-entry model of procurement. Our results imply that the state's often overlooked bureaucratic tier is critical for effectiveness and the make-up of optimal policies.
=650  \0$aEconomic policy$xEvaluation.
=650  \0$aGovernment purchasing$xEconomic aspects.
=650  \0$aEconomic development.
=690  7\$aManagement and Business Studies$2blcoll
=700  1\$aHjort, Jonas,$eauthor.
=700  1\$aSzakonyi, David,$d1985-$eauthor.
=710  2\$aCentre for Economic Policy Research (Great Britain),$eissuing body.
=830  \0$aDiscussion paper (Centre for Economic Policy Research (Great Britain)) ;$vno. 11968.
=852  41$aBritish Library$bHMNTS$jYK.2018.a.5251
=856  40$uhttp://www.cepr.org/active/publications/discussion_papers/dp.php?dpno=11968
=985  \\$aLDLSCP record - no ISBN match on import to BLL01
=CAT  \\$aBATCH-LDLN$b00$c20170807$lBLL01$h2120
=CAT  \\$aBATCH-UPD$b00$c20170807$lBLL01$h2120
=CAT  \\$aBATCH-016$c20180606$lBLL01$h2142
=CAT  \\$a11405$b40$c20180906$lBLL01$h1150
=CAT  \\$a7143$b40$c20210218$lBLL01$h1549
=CAT  \\$aBATCH-MBS$c20210226$lBLL01$h2154
=FIN  \\$aY$d20210218
=FMT  \\$a  BK
=LAS  \\$aBATCH-MBS$b00$c20210226$lBLL01$h2154

