=LDR  03486 am a2200553 i 4500
=001  018457510
=003  Uk
=005  20210226215430.0
=008  170612s2017\\\\enka\\\\\b\\\\000\0\eng\c
=015  \\$aGBB7D4686$2bnb
=016  7\$a018457510$2Uk
=020  \\$qpaperback
=035  \\$a(WlAbNL)99755934902419
=035  \\$a(StEdALDL)1/3582476
=035  \\$a(UkOxU)020905740
=040  \\$aStEdALDL$beng$cStEdALDL$dWlAbNL$erda
=042  \\$aukscp
=082  04$a332.15$223
=100  1\$aFaia, Ester,$eauthor.
=245  10$aInternational expansion and riskiness of banks /$cEster Faia, Gianmarco Ottaviano and Irene Sanchez Arjona.
=264  \1$aLondon :$bCentre for Economic Policy Research,$c03 April 2017.
=300  \\$a65 pages :$billustrations (black and white) ;$c21 cm.
=336  \\$atext$btxt$2rdacontent
=336  \\$astill image$bsti$2rdacontent
=337  \\$aunmediated$bn$2rdamedia
=338  \\$avolume$bnc$2rdacarrier
=490  1\$aDiscussion paper (Centre for Economic Policy Research (Great Britain)),$x0265-8003$aFinancial economics, international macroeconomics and finance$aInternational trade and regional economics ;$vno. 11951
=500  \\$a"Submitted 03 April 2017".
=504  \\$aIncludes bibliographical references (pages 44-47).
=520  \\$aWe exploit an original dataset on 15 European banks classified as G-SIBs by the BIS to assess whether expansion in foreign markets increases their riskiness, and through which channels that eventually happens. We find that there is a strong negative correlation between bank risk (proxied with CDS price or loan loss provisions) and foreign expansion. The same is true when using systemic risk metrics (marginal expected shortfalls or CoVaR). On the one hand, banks that expand abroad more have lower riskiness so that, given individual bank riskiness, their expansion reduces the (weighted) average riskiness of the banks' pool. On the other hand, foreign expansion of any given bank makes the bank and thus the banks' pool less risky. In terms of the channels, diversification, competition and regulation are all important. Expansion in destination countries with different business cycle co-movement and with stricter regulations than the origin country decreases a bank's riskiness. As for competition, expansion decreases riskiness only when competition in the origin country is less intense than in the destination countries.
=650  \0$aBanks and banking, International$xRisk management$xEconometric models.
=650  \0$aCompetition$xEconometric models.
=690  7\$aManagement and Business Studies$2blcoll
=700  1\$aOttaviano, Gianmarco I. P.,$eauthor.
=700  1\$aSanchez Arjona, Irene,$eauthor.
=710  2\$aCentre for Economic Policy Research (Great Britain),$eissuing body.
=830  \0$aDiscussion paper (Centre for Economic Policy Research (Great Britain)) ;$vno. 11951.
=852  41$aBritish Library$bHMNTS$jYK.2018.a.5247
=856  40$uhttp://www.cepr.org/active/publications/discussion_papers/dp.php?dpno=11951
=985  \\$aLDLSCP record - no ISBN match on import to BLL01
=CAT  \\$aBATCH-LDLN$b00$c20170807$lBLL01$h2120
=CAT  \\$aBATCH-UPD$b00$c20170807$lBLL01$h2120
=CAT  \\$aBATCH-016$c20180606$lBLL01$h2142
=CAT  \\$a11405$b40$c20180906$lBLL01$h1146
=CAT  \\$a7143$b40$c20210218$lBLL01$h1603
=CAT  \\$aBATCH-MBS$c20210226$lBLL01$h2154
=FIN  \\$aY$d20210218
=FMT  \\$a  BK
=LAS  \\$aBATCH-MBS$b00$c20210226$lBLL01$h2154

