=LDR  03435 am a2200589 i 4500
=001  018457511
=003  Uk
=005  20210226215431.0
=008  170620s2017\\\\enkab\\\\b\\\\000\0\eng\c
=015  \\$aGBB7D4687$2bnb
=016  7\$a018457511$2Uk
=020  \\$qpaperback
=035  \\$a(WlAbNL)99757038502419
=035  \\$a(StEdALDL)1/3585088
=035  \\$a(UkOxU)020917715
=040  \\$aStEdALDL$beng$cStEdALDL$dWlAbNL$erda
=042  \\$aukscp
=082  04$a337.142$223
=100  1\$aAlesina, Alberto,$eauthor.
=245  10$aIs Europe an optimal political area? /$cAlberto Alesina, Guido Tabellini and Francesco Trebbi.
=264  \1$aLondon :$bCentre for Economic Policy Research,$c03 May 2017.
=300  \\$a39, 6, 26 pages :$billustrations (black and white), 1 map (black and white) ;$c21 cm.
=336  \\$atext$btxt$2rdacontent
=336  \\$astill image$bsti$2rdacontent
=336  \\$acartographic image$bcri$2rdacontent
=337  \\$aunmediated$bn$2rdamedia
=338  \\$avolume$bnc$2rdacarrier
=490  1\$aDiscussion paper (Centre for Economic Policy Research (Great Britain)),$x0265-8003$aPublic economics$aInternational macroeconomics and finance ;$vno. 12017
=500  \\$a"Submitted 03 May 2017".
=504  \\$aIncludes bibliographical references (pages 32-38).
=520  \\$aEmploying a wide range of individual-level surveys, we study the extent of cultural and institutional heterogeneity within the EU and how this changed between 1980 and 2008. We present several novel empirical regularities that paint a complex picture. While Europe has experienced both systematic economic convergence and an increased coordination across national and subnational business cycles since 1980, this was not accompanied by cultural nor institutional convergence. Such persistent heterogeneity does not necessarily spell doom for further political integration, however. Compared to observed heterogeneity within member states themselves, or in well functioning federations such as the US, cultural diversity across EU members is a similar order of magnitude. The main stumbling block on the road to further political integration may not be heterogeneity in fundamental cultural traits, but other cleavages, such as national identities.
=650  \0$aCultural pluralism$xEconomic aspects$zEuropean Union countries.
=650  \0$aInternational economic relations.
=651  \0$aEurope$xEconomic integration.
=651  \0$aEuropean Union countries$xPolitics and government.
=690  7\$aManagement and Business Studies$2blcoll
=700  1\$aTabellini, Guido Enrico,$d1956-$eauthor.
=700  1\$aTrebbi, Francesco,$eauthor.
=710  2\$aCentre for Economic Policy Research (Great Britain),$eissuing body.
=830  \0$aDiscussion paper (Centre for Economic Policy Research (Great Britain)) ;$vno. 12017.
=852  41$aBritish Library$bHMNTS$jYK.2018.a.5242
=856  40$uhttp://www.cepr.org/active/publications/discussion_papers/dp.php?dpno=12017
=985  \\$aLDLSCP record - no ISBN match on import to BLL01
=CAT  \\$aBATCH-LDLN$b00$c20170807$lBLL01$h2120
=CAT  \\$aBATCH-UPD$b00$c20170807$lBLL01$h2120
=CAT  \\$aBATCH-016$c20180620$lBLL01$h2148
=CAT  \\$a11405$b40$c20180906$lBLL01$h1142
=CAT  \\$a7143$b40$c20210218$lBLL01$h1630
=CAT  \\$aBATCH-MBS$c20210226$lBLL01$h2154
=FIN  \\$aY$d20210218
=FMT  \\$a  BK
=LAS  \\$aBATCH-MBS$b00$c20210226$lBLL01$h2154

