=LDR  03045 am a2200493 i 4500
=001  018467101
=003  Uk
=005  20180821073954.0
=008  170620s2017\\\\enka\\\\\b\\\\000\0\eng\c
=015  \\$aGBB7E3383$2bnb
=016  7\$a018467101$2Uk
=020  \\$qpaperback
=035  \\$a(WlAbNL)99757039102419
=035  \\$a(StEdALDL)1/3585025
=035  \\$a(UkOxU)020917675
=040  \\$aStEdALDL$beng$cStEdALDL$dWlAbNL$erda
=042  \\$aukscp
=100  1\$aRochet, Jean-Charles,$eauthor.
=245  10$aIntertemporal price discrimination with multiple products /$cJean-Charles Rochet and John Thanassoulis.
=264  \1$aLondon :$bCentre for Economic Policy Research,$c09 May 2017.
=300  \\$a52 pages :$billustrations (black and white) ;$c21 cm.
=336  \\$atext$btxt$2rdacontent
=336  \\$astill image$bsti$2rdacontent
=337  \\$aunmediated$bn$2rdamedia
=338  \\$avolume$bnc$2rdacarrier
=490  1\$aDiscussion paper (Centre for Economic Policy Research (Great Britain)),$x0265-8003$aIndustrial organization ;$vno. 12034
=500  \\$a"Submitted 09 May 2017".
=504  \\$aIncludes bibliographical references (pages 50-52).
=520  \\$aWe study the multiproduct monopoly profit maximisation problem for a seller who can commit to a dynamic pricing strategy. We show that if consumers' valuations are not strongly-ordered then optimality for the seller requires intertemporal price discrimination and it can be implemented by dynamic pricing on the cross-sell to the bundle. If consumers are perfectly negatively correlated, reducing the cross-sell price at a single point in time is optimal. For general valuations we show that if the cross-partial derivative of the profit function is negative then dynamic pricing on the cross-sell is more profitable than fixing prices. So we show that the celebrated Stokey (1979) no-discrimination-across-time result does not extend to multiple good sellers when consumers' valuations are drawn from the tilted uniform, the shifted uniform, the exponential, or the normal distribution. We extend our results to welfare, to complementarities in demand, and to the determination of optimal discount schedules.
=650  \0$aPrice discrimination$xEconometric models.
=650  \0$aMonopolies$xEconometric models.
=700  1\$aThanassoulis, John,$eauthor.
=710  2\$aCentre for Economic Policy Research (Great Britain),$eissuing body.
=830  \0$aDiscussion paper (Centre for Economic Policy Research (Great Britain)) ;$vno. 12034.
=852  41$aBritish Library$bHMNTS$jYK.2018.a.4798
=856  40$uhttp://www.cepr.org/active/publications/discussion_papers/dp.php?dpno=12034
=985  \\$aAwaiting NETCAT record - item sent to shelf
=985  \\$aLDLSCP record - no ISBN match on import to BLL01
=CAT  \\$aBATCH-LDLN$b00$c20170814$lBLL01$h2124
=CAT  \\$aBATCH-UPD$b00$c20170814$lBLL01$h2124
=CAT  \\$aBATCH-016$c20180606$lBLL01$h2142
=CAT  \\$a10999$b40$c20180821$lBLL01$h0739
=FMT  \\$a  BK
=LAS  \\$a10999$b40$c20180821$lBLL01$h0739

