=LDR  03306 am a2200553 i 4500
=001  018475524
=003  Uk
=005  20210319213319.0
=008  170620s2017\\\\enka\\\\\b\\\\000\0\eng\c
=015  \\$aGBB7E8218$2bnb
=016  7\$a018475524$2Uk
=020  \\$qpaperback
=035  \\$a(WlAbNL)99756542802419
=035  \\$a(StEdALDL)1/3585018
=035  \\$a(UkOxU)020917669
=040  \\$aStEdALDL$beng$cStEdALDL$dWlAbNL$erda
=042  \\$aukscp
=082  04$a339.41$223
=100  1\$aRozsypal, Filip,$eauthor.
=245  10$aOverpersistence bias in individual income expectations and its aggregate implications /$cFilip Rozsypal and Kathrin Schlafmann.
=264  \1$aLondon :$bCentre for Economic Policy Research,$c08 May 2017.
=300  \\$a66 pages :$billustrations (black and white) ;$c21 cm.
=336  \\$atext$btxt$2rdacontent
=336  \\$astill image$bsti$2rdacontent
=337  \\$aunmediated$bn$2rdamedia
=338  \\$avolume$bnc$2rdacarrier
=490  1\$aDiscussion paper (Centre for Economic Policy Research (Great Britain)),$x0265-8003$aMonetary economics and fluctuations ;$vno. 12028
=500  \\$a"Submitted 08 May 2017".
=504  \\$aIncludes bibliographical references (pages 35-37).
=520  \\$aWe study the role of household income expectations for consumption decisions. Using micro level data, we first document an systematic, income-related component in household income forecast errors. These systematic errors can be explained by a modest deviation from rational expectations, where agents overestimate the persistence of their income process. We then study the implications of this bias in a quantitative model. Low income households who overestimate the persistence of their income are too pessimistic about their future income. This has two effects. First, these households are unwilling to borrow to smooth their consumption even though their borrowing constraint is not binding, thereby allowing the quantitative model to match the distribution of liquid assets across the income distribution. Second, they have lower marginal propensities to consume than their fully rational counterparts. Disregarding the bias in income expectations thus leads standard models to overpredict the effectiveness of government stimulus payments.
=650  \0$aConsumption (Economics)$xEconomic aspects.
=650  \0$aIncome forecasting$xEconomic aspects.
=650  \0$aConsumer behavior.
=690  7\$aManagement and Business Studies$2blcoll
=700  1\$aSchlafmann, Kathrin,$eauthor.
=710  2\$aCentre for Economic Policy Research (Great Britain),$eissuing body.
=830  \0$aDiscussion paper (Centre for Economic Policy Research (Great Britain)) ;$vno. 12028.
=852  41$aBritish Library$bHMNTS$jYK.2018.a.5221
=856  40$uhttp://www.cepr.org/active/publications/discussion_papers/dp.php?dpno=12028
=985  \\$aLDLSCP record - no ISBN match on import to BLL01
=CAT  \\$aBATCH-LDLN$b00$c20170821$lBLL01$h2121
=CAT  \\$aBATCH-UPD$b00$c20170821$lBLL01$h2121
=CAT  \\$aBATCH-016$c20180606$lBLL01$h2142
=CAT  \\$a11405$b40$c20180906$lBLL01$h1123
=CAT  \\$a5883$b40$c20210310$lBLL01$h1032
=CAT  \\$aBATCH-MBS$c20210319$lBLL01$h2133
=FIN  \\$aY$d20210310
=FMT  \\$a  BK
=LAS  \\$aBATCH-MBS$b00$c20210319$lBLL01$h2133

