=LDR  03051aam a2200577 i 4500
=001  018482322
=003  Uk
=005  20210319213319.0
=008  170612s2017\\\\enka\\\\\b\\\\000\0\eng\c
=015  \\$aGBB7F1626$2bnb
=016  7\$a018482322$2Uk
=020  \\$qpaperback
=035  \\$a(WlAbNL)99755943302419
=035  \\$a(StEdALDL)1/3582453
=035  \\$a(UkOxU)020905717
=040  \\$aStEdALDL$beng$cStEdALDL$dWlAbNL$dUk$erda
=042  \\$aukscp
=082  04$a332.112094$223
=100  1\$aAcharya, Viral V.,$eauthor.
=245  10$aWhatever it takes :$bthe real effects of unconventional monetary policy /$cViral V. Acharya, Tim Eisert, Christian Eufinger and Christian Hirsch.
=264  \1$aLondon :$bCentre for Economic Policy Research,$c28 April 2017.
=300  \\$a79 pages :$billustrations (black and white) ;$c21 cm.
=336  \\$atext$btxt$2rdacontent
=336  \\$astill image$bsti$2rdacontent
=337  \\$aunmediated$bn$2rdamedia
=338  \\$avolume$bnc$2rdacarrier
=490  1\$aDiscussion paper (Centre for Economic Policy Research (Great Britain)),$x0265-8003$aFinancial economics ;$vno. 12005
=500  \\$a"Submitted 28 April 2017"
=504  \\$aIncludes bibliographical references (pages 42-45).
=520  \\$aLaunched in Summer 2012, the European Central Bank (ECB)'s Outright Monetary Transactions (OMT) program indirectly recapitalized European banks through its positive impact on periphery sovereign bonds. However, the stability reestablished in the banking sector did not fully translate into economic growth. We document zombie lending by banks that remained undercapitalized even post-OMT. In turn, firms receiving loans used these funds not to undertake real economic activity such as employment and investment but to build up cash reserves. Creditworthy firms in industries with a high zombie firm prevalence suffered significantly from this credit misallocation, which further slowed down the economic recovery.
=650  \0$aMonetary policy$zEurope.
=650  \0$aBank loans$zEurope.
=650  \0$aInternational economic relations.
=690  7\$aManagement and Business Studies$2blcoll
=700  1\$aEisert, Tim,$eauthor.
=700  1\$aEufinger, Christian,$eauthor.
=700  1\$aHirsch, Christian,$eauthor.
=710  2\$aCentre for Economic Policy Research (Great Britain),$eissuing body.
=830  \0$aDiscussion paper (Centre for Economic Policy Research (Great Britain)) ;$vno. 12005.
=852  41$aBritish Library$bHMNTS$jYK.2018.a.5228
=856  40$uhttp://www.cepr.org/active/publications/discussion_papers/dp.php?dpno=12005
=985  \\$aLDLSCP record - no ISBN match on import to BLL01
=CAT  \\$aBATCH-LDLN$b00$c20170828$lBLL01$h2100
=CAT  \\$aBATCH-UPD$b00$c20170828$lBLL01$h2100
=CAT  \\$aBATCH-016$c20180620$lBLL01$h2148
=CAT  \\$a11405$b40$c20180906$lBLL01$h1130
=CAT  \\$a5751$b40$c20210316$lBLL01$h1536
=CAT  \\$aBATCH-MBS$c20210319$lBLL01$h2133
=FIN  \\$aY$d20210316
=FMT  \\$a  BK
=LAS  \\$aBATCH-MBS$b00$c20210319$lBLL01$h2133

