=LDR  03732aam a2200601 i 4500
=001  018491641
=003  Uk
=005  20210305213755.0
=008  170801s2017\\\\enka\\\\\b\\\\000\0\eng\c
=015  \\$aGBB7F6218$2bnb
=016  7\$a018491641$2Uk
=020  \\$qpaperback
=035  \\$a(WlAbNL)99762817002419
=035  \\$a(StEdALDL)1/3592674
=035  \\$a(UkOxU)020949523
=040  \\$aStEdALDL$beng$cStEdALDL$dWlAbNL$dUk$erda
=042  \\$aukscp
=082  04$a332.042$223
=100  1\$aAgénor, Pierre-Richard,$eauthor.
=245  14$aThe international dimensions of macroprudential policies /$cPierre-Richard Agénor, Leonardo Gambacorta, Enisse Kharroubi, Giovanni Lombardo and Luiz A. Pereira da Silva.
=264  \1$aLondon :$bCentre for Economic Policy Research,$c2017.
=300  \\$a49 pages :$billustrations (black and white) ;$c21 cm.
=336  \\$atext$btxt$2rdacontent
=336  \\$astill image$bsti$2rdacontent
=337  \\$aunmediated$bn$2rdamedia
=338  \\$avolume$bnc$2rdacarrier
=490  1\$aDiscussion paper (Centre for Economic Policy Research (Great Britain)),$x0265-8003$aFinancial economics ;$vno. 12108
=500  \\$a"Submitted 20 June 2017".
=504  \\$aIncludes bibliographical references (pages 34-39).
=520  \\$aThe large economic costs associated with the Global Financial Crisis have generated renewed interest in macroprudential policies and their international coordination. Based on a core-periphery model that emphasizes the role of international financial centers, we study the effects of coordinated and non-coordinated macroprudential policies when financial intermediation is subject to frictions. We find that even when the only frictions in the economy consist of financial frictions and financial dependency of periphery banks, the policy prescriptions under international policy coordination can differ quite markedly from those emerging from self-oriented policy decisions. Optimal macroprudential policies must address both short run and long run inefficiencies. In the short run, the policy instruments need to be adjusted to mitigate the adverse consequences of the financial accelerator, and its cross-country spillovers. In the long run, policymakers need to take into account the effects of the higher cost of capital, due to the presence of financial frictions. The gains from cooperation appear to be sizable. Nevertheless, their magnitude could be asymmetric, pointing to potential political-economy obstacles to the implementation of cooperative measures.
=650  \0$aInternational finance.
=650  \0$aInternational economic relations.
=650  \0$aInternational cooperation.
=650  \0$aMonetary policy.
=690  7\$aManagement and Business Studies$2blcoll
=700  1\$aGambacorta, Leonardo,$eauthor.
=700  1\$aKharroubi, Enisse,$eauthor.
=700  1\$aLombardo, Giovanni,$d1967-$eauthor.
=700  1\$aSilva, Luiz A. Pereira da,$eauthor.
=710  2\$aCentre for Economic Policy Research (Great Britain),$eissuing body.
=830  \0$aDiscussion paper (Centre for Economic Policy Research (Great Britain)) ;$vno. 12108.
=852  41$aBritish Library$bHMNTS$jYK.2018.a.5281
=856  40$uhttp://www.cepr.org/active/publications/discussion_papers/dp.php?dpno=12108
=985  \\$aLDLSCP record - no ISBN match on import to BLL01
=CAT  \\$aBATCH-LDLN$b00$c20170904$lBLL01$h2139
=CAT  \\$aBATCH-UPD$b00$c20170904$lBLL01$h2139
=CAT  \\$aBATCH-016$c20170913$lBLL01$h2157
=CAT  \\$a11405$b40$c20180906$lBLL01$h1309
=CAT  \\$a6989$b40$c20210224$lBLL01$h1449
=CAT  \\$aBATCH-MBS$c20210305$lBLL01$h2137
=FIN  \\$aY$d20210224
=FMT  \\$a  BK
=LAS  \\$aBATCH-MBS$b00$c20210305$lBLL01$h2137

