=LDR  03094aam a2200541 i 4500
=001  018491642
=003  Uk
=005  20210305213755.0
=008  170801s2017\\\\enk\\\\\\b\\\\000\0\eng\c
=015  \\$aGBB7F6219$2bnb
=016  7\$a018491642$2Uk
=020  \\$qpaperback
=035  \\$a(WlAbNL)99762834202419
=035  \\$a(StEdALDL)1/3592647
=035  \\$a(UkOxU)020949496
=040  \\$aStEdALDL$beng$cStEdALDL$dWlAbNL$dUk$erda
=042  \\$aukscp
=082  04$a332.1532$223
=100  1\$aKanbur, S. M. Ravi,$d1954-$eauthor.
=245  10$aWhat is the World Bank good for? :$bglobal public goods and global institutions /$cRavi Kanbur.
=264  \1$aLondon :$bCentre for Economic Policy Research,$c2017.
=300  \\$a13 pages ;$c21 cm.
=336  \\$atext$btxt$2rdacontent
=337  \\$aunmediated$bn$2rdamedia
=338  \\$avolume$bnc$2rdacarrier
=490  1\$aDiscussion paper (Centre for Economic Policy Research (Great Britain)),$x0265-8003$aDevelopment economics ;$vno. 12090
=500  \\$a"Submitted 12 June 2017".
=504  \\$aIncludes bibliographical references (page 13).
=520  \\$aThe World Bank is in the doldrums, or worse. The Global Public Goods (GPGs) argument is often put forward as a way of reviving and even rescuing an institution whose financial base to support conventional sovereign loans is receding sharply relative to needs and competition from other sources. The World Bank does have certain advantages as an institution, which the global community could use to address GPG issues. It has technical excellence and convening power to help build consensus on a range of GPG issues, although this cannot be fully realized without radical reform of its governance structures. It has experience with managing concessional and grant resources, which will be central to financing GPG mechanisms. And it also has experience with country operations to implement the country specific dimensions of GPG mechanisms. That is what the World Bank is good for now, three quarters of a century after its founding.
=610  20$aWorld Bank.
=650  \0$aPublic goods$xInternational cooperation$xEconomic aspects.
=650  \0$aEconomic assistance$xInternational cooperation.
=650  \0$aEconomic development$xFinance.
=690  7\$aManagement and Business Studies$2blcoll
=710  2\$aCentre for Economic Policy Research (Great Britain),$eissuing body.
=830  \0$aDiscussion paper (Centre for Economic Policy Research (Great Britain)) ;$vno. 12090.
=852  41$aBritish Library$bHMNTS$jYK.2018.a.5296
=856  40$uhttp://www.cepr.org/active/publications/discussion_papers/dp.php?dpno=12090
=985  \\$aLDLSCP record - no ISBN match on import to BLL01
=CAT  \\$aBATCH-LDLN$b00$c20170904$lBLL01$h2139
=CAT  \\$aBATCH-UPD$b00$c20170904$lBLL01$h2139
=CAT  \\$aBATCH-016$c20170913$lBLL01$h2157
=CAT  \\$a11405$b40$c20180906$lBLL01$h1323
=CAT  \\$a6989$b40$c20210224$lBLL01$h1456
=CAT  \\$aBATCH-MBS$c20210305$lBLL01$h2137
=FIN  \\$aY$d20210224
=FMT  \\$a  BK
=LAS  \\$aBATCH-MBS$b00$c20210305$lBLL01$h2137

