=LDR  03037aam a2200565 i 4500
=001  018507494
=003  Uk
=005  20210305213757.0
=008  170801s2017\\\\enka\\\\\b\\\\000\0\eng\c
=015  \\$aGBB7G4143$2bnb
=016  7\$a018507494$2Uk
=020  \\$qpaperback
=035  \\$a(WlAbNL)99762820502419
=035  \\$a(StEdALDL)1/3592649
=035  \\$a(UkOxU)020949498
=040  \\$aStEdALDL$beng$cStEdALDL$dWlAbNL$dUk$erda
=042  \\$aukscp
=082  04$a381.142091724$223
=100  1\$aCruz, Marcio,$eauthor.
=245  10$aOnline exports and the wage gap /$cMarcio Cruz, Emmanuel Milet and Marcelo Olarreaga.
=264  \1$aLondon :$bCentre for Economic Policy Research,$c2017.
=300  \\$a37 pages :$billustrations (black and white) ;$c21 cm.
=336  \\$atext$btxt$2rdacontent
=336  \\$astill image$bsti$2rdacontent
=337  \\$aunmediated$bn$2rdamedia
=338  \\$avolume$bnc$2rdacarrier
=490  1\$aDiscussion paper (Centre for Economic Policy Research (Great Britain)),$x0265-8003$vno. 12092$aInternational trade and regional economics ;
=500  \\$a"Submitted 13 June 2017".
=504  \\$aIncludes bibliographical references (pages 18-21).
=520  \\$aThe development of the internet is often seen as a source of demand for skilled workers and therefore a potential driver of the wage gap between skilled and unskilled workers. In this paper we focus on the impact that international trade in online platforms has on the wage gap. Because online trade allows smaller firms with relatively more unskilled workers to access world markets we can a priori expect that an expansion of online exports reduces the wage gap. After correcting for potential endogeneity bias in a sample of twenty three developing countries for which we can match online trade and wage gap data, we find that a 1 percent increase in the share of online exports over GDP leads to a 0.01 percent decline in the wage gap.
=650  \0$aElectronic commerce$zDeveloping countries.
=650  \0$aInternet$xEconomic aspects$zDeveloping countries.
=650  \0$aWages$zDeveloping countries.
=690  7\$aManagement and Business Studies$2blcoll
=700  1\$aMilet, Emmanuel,$eauthor.
=700  1\$aOlarreaga, M.$q(Marcelo),$eauthor.
=710  2\$aCentre for Economic Policy Research (Great Britain),$eissuing body.
=830  \0$aDiscussion paper (Centre for Economic Policy Research (Great Britain)) ;$vno. 12092.
=852  41$aBritish Library$bHMNTS$jYK.2018.a.5295
=856  40$uhttp://www.cepr.org/active/publications/discussion_papers/dp.php?dpno=12092
=985  \\$aLDLSCP record - no ISBN match on import to BLL01
=CAT  \\$aBATCH-LDLN$b00$c20170911$lBLL01$h2120
=CAT  \\$aBATCH-UPD$b00$c20170911$lBLL01$h2120
=CAT  \\$aBATCH-016$c20180711$lBLL01$h2154
=CAT  \\$a11405$b40$c20180906$lBLL01$h1322
=CAT  \\$a9666$b40$c20210301$lBLL01$h1651
=CAT  \\$aBATCH-MBS$c20210305$lBLL01$h2137
=FIN  \\$aY$d20210301
=FMT  \\$a  BK
=LAS  \\$aBATCH-MBS$b00$c20210305$lBLL01$h2137

