=LDR  03431aam a2200565 i 4500
=001  018507495
=003  Uk
=005  20210305222204.0
=008  170801s2017\\\\enka\\\\\b\\\\000\0\eng\c
=015  \\$aGBB7G4144$2bnb
=016  7\$a018507495$2Uk
=020  \\$qpaperback
=035  \\$a(WlAbNL)99762834602419
=035  \\$a(StEdALDL)1/3592692
=035  \\$a(UkOxU)020949541
=040  \\$aStEdALDL$beng$cStEdALDL$dWlAbNL$dUk$erda
=042  \\$aukscp
=082  04$a371.821095195$223
=100  1\$aDustmann, Christian,$eauthor.
=245  10$aWhy are single-sex schools successful? /$cChristian Dustmann, Hyejin Ku and Do Won Kwak.
=264  \1$aLondon :$bCentre for Economic Policy Research,$c2017.
=300  \\$a59 pages :$billustrations (black and white) ;$c21 cm.
=336  \\$atext$btxt$2rdacontent
=336  \\$astill image$bsti$2rdacontent
=337  \\$aunmediated$bn$2rdamedia
=338  \\$avolume$bnc$2rdacarrier
=490  1\$aDiscussion paper (Centre for Economic Policy Research (Great Britain)),$x0265-8003$vno. 12101$aLabour economics ;
=500  \\$a"Submitted 17 June 2017".
=504  \\$aIncludes bibliographical references (pages 34-40).
=520  \\$aWe exploit two unusual policy features of academic high schools in Seoul, South Korea -- random assignment of pupils to high schools within districts and conversion of some existing single-sex schools to the coeducational (coed) type over time -- to identify three distinct causal parameters: the between-school effect of attending a coed (versus a single-sex) school; the within-school effect of school-type conversion, conditional on (unobserved) school characteristics; and the effect of class-level exposure to mixed-gender (versus same-sex) peers. We find robust evidence that pupils in single-sex schools outperform their counterparts in coed schools, which could be due to single-sex peers in school and classroom, or unobservable school-level covariates. Focusing on switching schools, we find that the conversion of the pupil gender type from single-sex to coed leads to worse academic outcomes for both boys and girls, conditional on school fixed effects and time-varying observables. While for boys, the negative effect is largely driven by exposure to mixed-gender peers at school-level, it is class-level exposure to mixed-gender peers that explains this disadvantage for girls.
=650  \0$aSingle-sex schools$zKorea (South)
=650  \0$aSex differences in education$zKorea (South)
=650  \0$aAcademic achievement$zKorea (South)
=690  7\$aSocial Welfare$2blcoll
=700  1\$aKu, Hyejin,$eauthor.
=700  1\$aKwak, Do Won,$eauthor.
=710  2\$aCentre for Economic Policy Research (Great Britain),$eissuing body.
=830  \0$aDiscussion paper (Centre for Economic Policy Research (Great Britain)) ;$vno. 12101.
=852  41$aBritish Library$bHMNTS$jYK.2018.a.5141
=856  40$uhttp://www.cepr.org/active/publications/discussion_papers/dp.php?dpno=12101
=985  \\$aLDLSCP record - no ISBN match on import to BLL01
=CAT  \\$aBATCH-LDLN$b00$c20170911$lBLL01$h2120
=CAT  \\$aBATCH-UPD$b00$c20170911$lBLL01$h2120
=CAT  \\$aBATCH-016$c20180711$lBLL01$h2154
=CAT  \\$a10999$b40$c20180906$lBLL01$h0828
=CAT  \\$a9666$b40$c20210301$lBLL01$h1654
=CAT  \\$aBATCH-SWP$c20210305$lBLL01$h2222
=FIN  \\$aY$d20210301
=FMT  \\$a  BK
=LAS  \\$aBATCH-SWP$b00$c20210305$lBLL01$h2222

