=LDR  03577 am a2200589 i 4500
=001  018541013
=003  Uk
=005  20210611212344.0
=008  170801s2017\\\\enka\\\\\b\\\\000\0\eng\c
=015  \\$aGBB7I5374$2bnb
=016  7\$a018541013$2Uk
=020  \\$qpaperback
=035  \\$a(WlAbNL)99762831202419
=035  \\$a(StEdALDL)1/3592684
=035  \\$a(UkOxU)020949533
=040  \\$aStEdALDL$beng$cStEdALDL$dWlAbNL$dUk$erda
=042  \\$aukscp
=082  04$a339.5015195$223
=100  1\$aAhn, SeHyoun,$eauthor.
=245  10$aWhen inequality matters for macro and macro matters for inequality /$cSeHyoun Ahn, Greg Kaplan, Benjamin Moll, Thomas Winberry and Christian Wolf.
=264  \1$aLondon :$bCentre for Economic Policy Research,$c2017.
=300  \\$a74 pages :$billustrations (black and white) ;$c21 cm.
=336  \\$atext$btxt$2rdacontent
=336  \\$astill image$bsti$2rdacontent
=337  \\$aunmediated$bn$2rdamedia
=338  \\$avolume$bnc$2rdacarrier
=490  1\$aDiscussion paper (Centre for Economic Policy Research (Great Britain)),$x0265-8003$aInternational macroeconomics and finance$aMonetary economics and fluctuations$aMacroeconomics and growth ;$vno.12123
=500  \\$a"Submitted 30 June 2017".
=504  \\$aIncludes bibliographical references (pages 61-62).
=520  \\$aWe develop an efficient and easy-to-use computational method for solving a wide class of general equilibrium heterogeneous agent models with aggregate shocks, together with an open source suite of codes that implement our algorithms in an easy-to-use toolbox. Our method extends standard linearization techniques and is designed to work in cases when inequality matters for the dynamics of macroeconomic aggregates. We present two applications that analyze a two-asset incomplete markets model parameterized to match the distribution of income, wealth, and marginal propensities to consume. First, we show that our model is consistent with two key features of aggregate consumption dynamics that are difficult to match with representative agent models: (i) the sensitivity of aggregate consumption to predictable changes in aggregate income and (ii) the relative smoothness of aggregate consumption. Second, we extend the model to feature capital-skill complementarity and show how factor-specific productivity shocks shape dynamics of income and consumption inequality.
=650  \0$aMacroeconomics$xEconometric models.
=650  \0$aIncome distribution$xEconometric models.
=650  \0$aConsumption (Economics)$xEconometric models.
=690  7\$aManagement and Business Studies$2blcoll
=700  1\$aKaplan, Greg,$d1978-$eauthor.
=700  1\$aMoll, Benjamin,$eauthor.
=700  1\$aWinberry, Thomas,$d1987-$eauthor.
=700  1\$aWolf, Christian K.,$eauthor.
=710  2\$aCentre for Economic Policy Research (Great Britain),$eissuing body.
=830  \0$aDiscussion paper (Centre for Economic Policy Research (Great Britain)) ;$vno. 12123.
=852  41$aBritish Library$bHMNTS$jYK.2018.a.5305
=856  40$uhttp://www.cepr.org/active/publications/discussion_papers/dp.php?dpno=12123
=985  \\$aLDLSCP record - no ISBN match on import to BLL01
=CAT  \\$aBATCH-LDLN$b00$c20171002$lBLL01$h2121
=CAT  \\$aBATCH-UPD$b00$c20171002$lBLL01$h2121
=CAT  \\$aBATCH-016$c20180711$lBLL01$h2154
=CAT  \\$a11405$b40$c20180906$lBLL01$h1330
=CAT  \\$a8964$b40$c20210602$lBLL01$h1114
=CAT  \\$aBATCH-MBS$c20210611$lBLL01$h2123
=FIN  \\$aY$d20210602
=FMT  \\$a  BK
=LAS  \\$aBATCH-MBS$b00$c20210611$lBLL01$h2123

