=LDR  03481aam a2200589 i 4500
=001  018549425
=003  Uk
=005  20210409212244.0
=008  170801s2017\\\\enkab\\\\b\\\\000\0\eng\c
=015  \\$aGBB7J1171$2bnb
=016  7\$a018549425$2Uk
=020  \\$qpaperback
=035  \\$a(WlAbNL)99762817602419
=035  \\$a(StEdALDL)1/3592690
=035  \\$a(UkOxU)020949539
=040  \\$aStEdALDL$beng$cStEdALDL$dWlAbNL$dUk$erda
=042  \\$aukscp
=082  04$a330.91724$223
=100  10$aGollin, Douglas,$eauthor.
=245  10$aIn search of a spatial equilibrium in the developing world /$cDouglas Gollin, Martina Kirchberger and David Lagakos.
=264  \1$aLondon :$bCentre for Economic Policy Research,$c2017.
=300  \\$a64 pages :$billustrations (black and white), maps (black and white) ;$c21 cm.
=336  \\$atext$btxt$2rdacontent
=336  \\$astill image$bsti$2rdacontent
=336  \\$acartographic image$bcri$2rdacontent
=337  \\$aunmediated$bn$2rdamedia
=338  \\$avolume$bnc$2rdacarrier
=490  1\$aDiscussion paper (Centre for Economic Policy Research (Great Britain)),$x0265-8003$aDevelopment economics$aMacroeconomics and growth ;$vno. 12114
=500  \\$a"Submitted 27 June 2017".
=504  \\$aIncludes bibliographical references (pages 26-31).
=520  \\$aIn most developing countries, there is a large gap in income per head between urban and rural areas. One appealing interpretation of this gap is that it reflects a spatial equilibrium, in which the higher incomes of urban areas are offset by lower non-monetary amenities. In this paper, we draw on new high-resolution evidence to document how amenities vary across space within twenty developing countries. We focus on measures of health, housing quality, crime and pollution. These vary substantially across space, and they can be carefully measured with highly comparable data. We find that in almost all countries, and for almost all measures, amenities are constant or increasing in population density. In addition, net internal migration flows are directed toward denser areas in every country. These findings are hard to reconcile with a spatial equilibrium. Instead, they suggest that developing countries are undergoing a reallocation of workers to densely populated areas, which offer higher living standards on average.
=650  \0$aSpace in economics.
=650  \0$aQuality of life$zDeveloping countries.
=650  \0$aIncome distribution$zDeveloping countries.
=650  \0$aEconomic development$zDeveloping countries.
=690  7\$aManagement and Business Studies$2blcoll
=700  1\$aKirchberger, Martina,$d1983-$eauthor.
=700  1\$aLagakos, David,$eauthor.
=710  2\$aCentre for Economic Policy Research (Great Britain),$eissuing body.
=830  \0$aDiscussion paper (Centre for Economic Policy Research (Great Britain)) ;$vno. 12114.
=852  41$aBritish Library$bHMNTS$jYK.2018.a.5300
=856  40$uhttp://www.cepr.org/active/publications/discussion_papers/dp.php?dpno=12114
=985  \\$aLDLSCP record - no ISBN match on import to BLL01
=CAT  \\$aBATCH-LDLN$b00$c20171009$lBLL01$h2130
=CAT  \\$aBATCH-UPD$b00$c20171009$lBLL01$h2131
=CAT  \\$aBATCH-016$c20180711$lBLL01$h2154
=CAT  \\$a11405$b40$c20180906$lBLL01$h1326
=CAT  \\$a5751$b40$c20210331$lBLL01$h1601
=CAT  \\$aBATCH-MBS$c20210409$lBLL01$h2122
=FIN  \\$aY$d20210331
=FMT  \\$a  BK
=LAS  \\$aBATCH-MBS$b00$c20210409$lBLL01$h2122

