=LDR  03493aam a2200565 i 4500
=001  018566683
=003  Uk
=005  20210416214036.0
=008  170811s2017\\\\enka\\\\\b\\\\000\0\eng\c
=015  \\$aGBB7J9325$2bnb
=016  7\$a018566683$2Uk
=020  \\$qpaperback
=035  \\$a(WlAbNL)99764343602419
=035  \\$a(StEdALDL)1/3594554
=035  \\$a(UkOxU)020958259
=040  \\$aStEdALDL$beng$cStEdALDL$dWlAbNL$dUk$erda
=042  \\$aukscp
=082  04$a339.4309581$223
=100  1\$aBlumenstock, Joshua,$eauthor.
=245  10$aWhy do defaults affect behavior? :$bexperimental evidence from Afghanistan /$cJoshua Blumenstock, Michael Callen and Tarek Ghani.
=264  \1$aLondon :$bCentre for Economic Policy Research,$c2017.
=300  \\$a99 pages :$billustrations (black and white) ;$c21 cm.
=336  \\$atext$btxt$2rdacontent
=336  \\$astill image$bsti$2rdacontent
=337  \\$aunmediated$bn$2rdamedia
=338  \\$avolume$bnc$2rdacarrier
=490  1\$aDiscussion paper (Centre for Economic Policy Research (Great Britain)),$x0265-8003$vno 12142$aDevelopment economics ;
=500  \\$a"Submitted 13 July 2017".
=504  \\$aIncludes bibliographical references (pages 51-60).
=520  \\$aWe report on an experiment examining why default options impact behavior. Working with one of the largest private firms in Afghanistan, we randomly assigned each of 949 employees to different variants of a new default savings account. Employees assigned a default contribution rate of 5% are 40 percentage points more likely to contribute than employees assigned to a default contribution rate of zero; to achieve this effect through financial incentives alone would require a 50% match from the employer. Our design permits us to rule out several common explanations for default effects, including employer endorsement, employee inattention, and a lack of awareness about how to switch. Instead, we find evidence that the default effect is driven largely by a combination of present-biased preferences and the cognitive cost of calculating alternate savings scenarios. Default assignment also causes employees to develop savings habits that outlive our experiment: they are more likely to believe that savings is important, less likely to report being too financially constrained to save, and more likely to make an active decision to save at the end of our trial.
=650  \0$aSaving and investment$zAfghanistan$xPsychological aspects.
=650  \0$aFinance, Personal$xDecision making.
=650  \0$aIncentive (Psychology)$xEconomic aspects.
=690  7\$aManagement and Business Studies$2blcoll
=700  1\$aCallen, Michael,$eauthor.
=700  1\$aGhani, Tarek,$eauthor.
=710  2\$aCentre for Economic Policy Research (Great Britain),$eissuing body.
=830  \0$aDiscussion paper (Centre for Economic Policy Research (Great Britain)) ;$vno. 12142.
=852  41$aBritish Library$bHMNTS$jYK.2018.a.5288
=856  40$uhttp://www.cepr.org/active/publications/discussion_papers/dp.php?dpno=12142
=985  \\$aLDLSCP record - no ISBN match on import to BLL01
=CAT  \\$aBATCH-LDLN$b00$c20171023$lBLL01$h2119
=CAT  \\$aBATCH-UPD$b00$c20171023$lBLL01$h2120
=CAT  \\$aBATCH-016$c20180711$lBLL01$h2154
=CAT  \\$a11405$b40$c20180906$lBLL01$h1315
=CAT  \\$a9666$b40$c20210409$lBLL01$h1023
=CAT  \\$aBATCH-MBS$c20210416$lBLL01$h2140
=FIN  \\$aY$d20210409
=FMT  \\$a  BK
=LAS  \\$aBATCH-MBS$b00$c20210416$lBLL01$h2140

