=LDR  02638 am a2200493 i 4500
=001  018586728
=003  Uk
=005  20180906090948.0
=008  170811s2017\\\\enka\\\\\b\\\\000\0\eng\c
=015  \\$aGBB7K8496$2bnb
=016  7\$a018586728$2Uk
=035  \\$a(WlAbNL)99764332902419
=035  \\$a(StEdALDL)1/3594559
=035  \\$a(UkOxU)020958264
=040  \\$aStEdALDL$beng$cStEdALDL$dUkOxU$dWlAbNL$erda
=042  \\$aukscp
=100  1\$aBurkart, Mike,$eauthor.
=245  10$aWhy do boards exist? :$bgovernance design in the absence of corporate law /$cMike Burkart, Salvatore Miglietta and Charlotte Ostergaard.
=264  \1$aLondon :$bCentre for Economic Policy Research,$c2017.
=300  \\$a67 pages :$billustrations (black and white) ;$c21 cm.
=336  \\$atext$btxt$2rdacontent
=337  \\$aunmediated$bn$2rdamedia
=338  \\$avolume$bnc$2rdacarrier
=490  1\$aDiscussion paper (Centre for Economic Policy Research (Great Britain)),$x0265-8003$aFinancial economics ;$vno. 12147
=500  \\$a"Submitted 14 July 2017".
=504  \\$aIncludes bibliographical references (pages 31-35).
=520  \\$aWe study how owners trade off the costs and benefits of establishing a board in a historical setting, where boards are optional and authority over corporate decisions can be freely allocated across the general meeting, the board, and management. We find that informed owners and boards are substitutes, and that boards exist in firms most prone to collective action problems. Boards monitor, advise, and mediate among shareholders, and these different roles entail different allocations of authority. Boards also arise to balance the need for small shareholder protection with the need to curb managerial discretion.
=650  \0$aBoards of directors.
=650  \0$aCorporate governance.
=650  \0$aIndustrial management.
=700  1\$aMiglietta, Salvatore,$eauthor.
=700  1\$aOstergaard, Charlotte,$eauthor.
=710  2\$aCentre for Economic Policy Research (Great Britain),$eissuing body.
=830  \0$aDiscussion paper (Centre for Economic Policy Research (Great Britain)) ;$vno. 12147.
=852  41$aBritish Library$bHMNTS$jYK.2018.a.5154
=856  40$uhttp://www.cepr.org/active/publications/discussion_papers/dp.php?dpno=12147
=985  \\$aAwaiting NetCat DDC
=985  \\$aLDLSCP record - no ISBN match on import to BLL01
=CAT  \\$aBATCH-LDLN$b00$c20171106$lBLL01$h2114
=CAT  \\$aBATCH-UPD$b00$c20171106$lBLL01$h2114
=CAT  \\$aBATCH-016$c20180711$lBLL01$h2154
=CAT  \\$a10999$b40$c20180906$lBLL01$h0909
=FMT  \\$a  BK
=LAS  \\$a10999$b40$c20180906$lBLL01$h0909

