=LDR  03187 am a2200529 i 4500
=001  018586729
=003  Uk
=005  20180906130412.0
=008  170811s2017\\\\enk\\\\\\b\\\\000\0\eng\c
=015  \\$aGBB7K8497$2bnb
=016  7\$a018586729$2Uk
=020  \\$qpaperback
=035  \\$a(WlAbNL)99764333702419
=035  \\$a(StEdALDL)1/3594581
=035  \\$a(UkOxU)020958286
=040  \\$aStEdALDL$beng$cStEdALDL$dWlAbNL$erda
=042  \\$aukscp
=100  1\$aAriu, Andrea,$d1984-$eauthor.
=245  14$aThe interconnections between services and goods trade at the firm-level /$cAndrea Ariu, Holger Breinlich, Gregory Corcos and Giordano Mion.
=264  \1$aLondon :$bCentre for Economic Policy Research,$c2017.
=300  \\$a40 pages ;$c21 cm.
=336  \\$atext$btxt$2rdacontent
=337  \\$aunmediated$bn$2rdamedia
=338  \\$avolume$bnc$2rdacarrier
=490  1\$aDiscussion paper (Centre for Economic Policy Research (Great Britain)),$x0265-8003$aInternational trade and regional economics ;$vno. 12169
=500  \\$a"Submitted 20 July 2017".
=504  \\$aIncludes bibliographical references (pages 35-37).
=520  \\$aIn this paper we study how international trade in goods and services interact at the firm level. Using a rich dataset on Belgian firms during the period 1995-2005, we show that: i) firms are much more likely to source services and goods inputs from the same origin country rather than from different ones; ii) increases in barriers to imports of goods reduce firm-level imports of services from the same market, and conversely. We build upon a discrete-choice model of goods and services input sourcing that can reproduce these facts to design our econometric strategy and use the estimated model for counterfactual analysis. In particular, we look at the quantitative impact of reductions in goods and services barriers between the US and the EU. Our findings have important implications for the design of trade policy. They suggest that a liberalization of service trade can have quite direct and sizable effects on goods trade and vice-versa, and that jointly liberalizing goods and services trade brings about substantial complementarities.
=650  \0$aInternational trade$xEconomic aspects.
=650  \0$aService industries$xEconomic aspects$zBelgium.
=650  \0$aExports$zBelgium.
=651  \0$aBelgium$xCommerce.
=700  1\$aBreinlich, Holger,$eauthor.
=700  1\$aCorcos, Gregory,$eauthor.
=700  1\$aMion, Giordano,$eauthor.
=710  2\$aCentre for Economic Policy Research (Great Britain),$eissuing body.
=830  \0$aDiscussion paper (Centre for Economic Policy Research (Great Britain)) ;$vno. 12169.
=852  41$aBritish Library$bHMNTS$jYK.2018.a.5275
=856  40$uhttp://www.cepr.org/active/publications/discussion_papers/dp.php?dpno=12169
=985  \\$aLDLSCP record - no ISBN match on import to BLL01
=985  \\$aAwaiting NetCat DDC
=CAT  \\$aBATCH-LDLN$b00$c20171106$lBLL01$h2114
=CAT  \\$aBATCH-UPD$b00$c20171106$lBLL01$h2114
=CAT  \\$aBATCH-016$c20180711$lBLL01$h2154
=CAT  \\$a11405$b40$c20180906$lBLL01$h1304
=FMT  \\$a  BK
=LAS  \\$a11405$b40$c20180906$lBLL01$h1304

