=LDR  02897 am a2200529 i 4500
=001  018586730
=003  Uk
=005  20180906094159.0
=008  170811s2017\\\\enka\\\\\b\\\\000\0\eng\c
=015  \\$aGBB7K8498$2bnb
=016  7\$a018586730$2Uk
=020  \\$qpaperback
=035  \\$a(WlAbNL)99764334102419
=035  \\$a(StEdALDL)1/3594551
=035  \\$a(UkOxU)020958256
=040  \\$aStEdALDL$beng$cStEdALDL$dWlAbNL$erda
=042  \\$aukscp
=100  1\$aForni, Mario,$eauthor.
=245  10$aNews, uncertainty and economic fluctuations /$cMario Forni, Luca Gambetti and Luca Sala.
=264  \1$aLondon :$bCentre for Economic Policy Research,$c2017.
=300  \\$a41 pages :$billustrations (black and white) ;$c21 cm.
=336  \\$atext$btxt$2rdacontent
=336  \\$astill image$bsti$2rdacontent
=337  \\$aunmediated$bn$2rdamedia
=338  \\$avolume$bnc$2rdacarrier
=490  1\$aDiscussion paper (Centre for Economic Policy Research (Great Britain)),$x0265-8003$aMonetary economics and fluctuations ;$vno. 12139
=500  \\$a"Submitted 11 July 2017".
=504  \\$aIncludes bibliographical references (pages 18-21).
=520  \\$aWe formalize the idea that uncertainty is generated by news about future developments in economic conditions which are not perfectly predictable by the agents. Using a simple model of limited information, we show that uncertainty shocks can be obtained as the square of news shocks. We develop a two-step econometric procedure to estimate the effects of news and we find highly nonlinear effects. Large news shocks increase uncertainty. This mitigates the effects of good news and amplifies the effects of bad news in the short run. By contrast, small news shocks reduce uncertainty and increase output in the short run. The Volker recession and the Great Recession were exacerbated by the uncertainty effects of news.
=650  \0$aEconomic forecasting$xEconometric models.
=650  \0$aBusiness cycles$xEconometric models.
=650  \0$aUncertainty (Information theory)$xEconometric models.
=650  \0$aInformation theory in economics$xEconometric models.
=700  1\$aGambetti, Luca,$eauthor.
=700  1\$aSala, Luca,$d1972-$eauthor.
=710  2\$aCentre for Economic Policy Research (Great Britain),$eissuing body.
=830  \0$aDiscussion paper (Centre for Economic Policy Research (Great Britain)) ;$vno. 12139.
=852  41$aBritish Library$bHMNTS$jYK.2018.a.5171
=856  40$uhttp://www.cepr.org/active/publications/discussion_papers/dp.php?dpno=12139
=985  \\$aAwaiting NetCat DDC
=985  \\$aLDLSCP record - no ISBN match on import to BLL01
=CAT  \\$aBATCH-LDLN$b00$c20171106$lBLL01$h2114
=CAT  \\$aBATCH-UPD$b00$c20171106$lBLL01$h2114
=CAT  \\$aBATCH-016$c20180711$lBLL01$h2154
=CAT  \\$a10999$b40$c20180906$lBLL01$h0941
=FMT  \\$a  BK
=LAS  \\$a10999$b40$c20180906$lBLL01$h0941

