=LDR  03577 am a2200577 i 4500
=001  018623123
=003  Uk
=005  20210507214636.0
=008  170814s2017\\\\enka\\\\\b\\\\000\0\eng\c
=015  \\$aGBB7M6866$2bnb
=016  7\$a018623123$2Uk
=020  \\$qpaperback
=035  \\$a(WlAbNL)99764343702419
=035  \\$a(StEdALDL)1/3594598
=035  \\$a(UkOxU)020961201
=040  \\$aStEdALDL$beng$cStEdALDL$dUkOxU$dWlAbNL$erda
=042  \\$aukscp
=082  04$a338.9678$223
=100  1\$aIngelaere, Bert,$eauthor.
=245  10$aWhy secondary towns can be important for poverty reduction :$ba migrant's perspective /$cBert Ingelaere, Luc Christiaensen, Joachim De Weerdt and Ravi Kanbur.
=264  \1$aLondon :$bCentre for Economic Policy Research,$c2017.
=300  \\$a27 pages :$b1 illustration (black and white) ;$c21 cm.
=336  \\$atext$btxt$2rdacontent
=337  \\$aunmediated$bn$2rdamedia
=338  \\$avolume$bnc$2rdacarrier
=490  1\$aDiscussion paper (Centre for Economic Policy Research (Great Britain)),$x0265-8003$aDevelopment economics ;$vno. 12193
=500  \\$a"Submitted 31 July 2017".
=500  \\$aAuthors listed on HTML page as: "Luc Christiaensen, Joachim De Weerdt, Bert Ingelaere, Ravi Kanbur".
=504  \\$aIncludes bibliographical references (pages 25-27).
=520  \\$aThis paper develops the concept of "action space" as the range of possible destinations a migrant can realistically move to at a given point in time and, intimately linked to this, the set of possible livelihoods at destination. We show how this space expands and contracts over time through cumulative causation. Such a dynamic framework allows us to appreciate the role of secondary towns in rural-urban migration and poverty reduction. Secondary towns occupy a unique middle ground between semi-subsistence agriculture and the capitalistic city; between what is close-by and familiar and what is much further away and unknown. By opening up the horizons of the (poorer) rural population and facilitating navigation of the non-farm economy, secondary towns allow a broader base of the poor population to become physically, economically and socially mobile. Secondary towns therefore have great potential as vehicles for inclusive growth and poverty reduction in urbanizing developing countries. These are the insights emerging from in-depth life history accounts of 75 purposively selected rural-urban migrants from rural Kagera, in Tanzania.
=650  \0$aRural development$zTanzania.
=650  \0$aPoverty$zTanzania.
=651  \0$aTanzania$xEconomic conditions.
=690  7\$aManagement and Business Studies$2blcoll
=700  1\$aChristiaensen, Luc J.,$eauthor.
=700  1\$aWeerdt, Joachim de,$eauthor.
=700  1\$aKanbur, S. M. Ravi,$d1954-$eauthor.
=710  2\$aCentre for Economic Policy Research (Great Britain),$eissuing body.
=830  \0$aDiscussion paper (Centre for Economic Policy Research (Great Britain)) ;$vno. 12193.
=852  41$aBritish Library$bHMNTS$jYK.2018.a.5173
=856  40$uhttp://www.cepr.org/active/publications/discussion_papers/dp.php?dpno=12193
=985  \\$aLDLSCP record - no ISBN match on import to BLL01
=CAT  \\$aBATCH-LDLN$b00$c20171127$lBLL01$h2115
=CAT  \\$aBATCH-UPD$b00$c20171127$lBLL01$h2115
=CAT  \\$aBATCH-016$c20180704$lBLL01$h2154
=CAT  \\$a11405$b40$c20180906$lBLL01$h1039
=CAT  \\$a5883$b40$c20210504$lBLL01$h0909
=CAT  \\$aBATCH-MBS$c20210507$lBLL01$h2146
=FIN  \\$aY$d20210504
=FMT  \\$a  BK
=LAS  \\$aBATCH-MBS$b00$c20210507$lBLL01$h2146

