=LDR  02732aam a2200505 i 4500
=001  017405759
=003  Uk
=005  20170222150107.0
=008  150417s2015\\\\enka\\\\\b\\\\000\0\eng\c
=015  \\$aGBB579338$2bnb
=016  7\$a017405759$2Uk
=020  \\$qpaperback
=035  \\$a(WlAbNL)vtls006842782
=040  \\$aStEdALDL$beng$cStEdALDL$dWlAbNL$dUk$erda
=042  \\$aukscp
=082  04$a332.015195$223
=100  1\$aAlimukhamedova, Nargiza,$eauthor.
=245  10$aWhat do we know about microfinance at macro glance? /$cNargiza Alimukhamedova and Jan Hanousek.
=264  \1$aLondon :$bCentre for Economic Policy Research,$c2015.
=300  \\$a37 pages :$billustrations (black and white) ;$c21 cm.
=336  \\$atext$btxt$2rdacontent
=336  \\$astill image$bsti$2rdacontent
=337  \\$aunmediated$bn$2rdamedia
=338  \\$avolume$bnc$2rdacarrier
=490  1\$aDiscussion paper series,$x0265-8003 ;$vno. 10484
=500  \\$a"Submitted 04 March 2015."
=504  \\$aIncludes bibliographical references (pages 26-29).
=520  \\$aThe majority of microfinance impact studies focus on finding their effect on a specific group of beneficiaries, in contrast we aim to identify the impact on whole economies (economic growth, and financial sector development and reductions in income inequalities), which is an important policy concern, not previously addressed. To address heterogeneity across countries, we group countries into three broad clusters delineated by a set of macro-institutional determinants. We find long-term evidence of a significant ability of microfinance to affect broader economies. Moreover, the impact and dynamics differ substantially by macro-institutional environment; the microfinance effect is more pronounced in weaker environments.
=650  \0$aMicrofinance$xEconometric models.
=650  \0$aEconomic development$xEconometric models.
=690  7\$aManagement and Business Studies$2blcoll
=700  1\$aHanousek, Jan,$eauthor.
=710  2\$aCentre for Economic Policy Research (Great Britain),$epublisher.
=830  \0$aDiscussion paper (Centre for Economic Policy Research (Great Britain)).$pFinancial economics ;$vno. 10484.
=852  41$aBritish Library$bHMNTS$jYK.2017.a.711
=856  40$uhttp://www.cepr.org/active/publications/discussion_papers/dp.php?dpno=10484
=985  \\$aLDLSCP record - no ISBN match on import to BLL01
=CAT  \\$aBATCH-LDLN$b00$c20150622$lBLL01$h2114
=CAT  \\$a7732$b40$c20161003$lBLL01$h1335
=CAT  \\$aBATCH-016$c20161005$lBLL01$h2148
=CAT  \\$a9671$b40$c20170222$lBLL01$h1501
=CAT  \\$aBATCH-MBS$c20170303$lBLL01$h2105
=FIN  \\$aY$d20170222
=FMT  \\$a  BK
=LAS  \\$aBATCH-MBS$b00$c20170303$lBLL01$h2105

