=LDR  03122aam a2200553 i 4500
=001  017405760
=003  Uk
=005  20161215135952.0
=008  150417s2015\\\\enka\\\\\b\\\\000\0\eng\c
=015  \\$aGBB579339$2bnb
=016  7\$a017405760$2Uk
=020  \\$qpaperback
=035  \\$a(WlAbNL)vtls006842778
=040  \\$aStEdALDL$beng$cStEdALDL$dWlAbNL$dUk$erda
=042  \\$aukscp
=082  04$a339.4015195$223
=100  1\$aHeathcote, Jonathan,$eauthor.
=245  10$aWealth and volatility /$cJanathan Heathcote and Fabrizio Perri.
=264  \1$aLondon :$bCentre for Economic Policy Research,$c2015.
=300  \\$a48 pages :$billustrations (black and white) ;$c21 cm.
=336  \\$atext$btxt$2rdacontent
=336  \\$astill image$bsti$2rdacontent
=337  \\$aunmediated$bn$2rdamedia
=338  \\$avolume$bnc$2rdacarrier
=490  1\$aDiscussion paper series,$x0265-8003 ;$vno. 10543
=500  \\$a"March 2015".
=504  \\$aIncludes bibliographical references (pages 40-42).
=520  \\$aPeriods of low household wealth in United States macroeconomic history have also been periods of high business cycle volatility. This paper develops a simple model that can exhibit self-fulfilling fluctuations in the expected path for unemployment. The novel feature is that the scope for sunspot-driven volatility depends on the level of household wealth. When wealth is high, consumer demand is largely insensitive to unemployment expectations and the economy is robust to confidence crises. When wealth is low, a stronger precautionary motive makes demand more sensitive to unemployment expectations, and the economy becomes vulnerable to confidence-driven fluctuations. In this case, there is a potential role for public policies to stabilize demand. Microeconomic evidence is consistent with the key model mechanism: during the Great Recession, consumers with relatively low wealth, ceteris paribus, cut expenditures more sharply.
=650  \0$aBusiness cycles$xEconometric models.
=650  \0$aWealth$xEconometric models.
=650  \0$aUnemployment$xEconometric models.
=650  \0$aIncome distribution$xEconometric models.
=690  7\$aManagement and Business Studies$2blcoll
=700  1\$aPerri, Fabrizio$c(Monetary advisor),$eauthor.
=710  2\$aCentre for Economic Policy Research (Great Britain),$epublisher.
=830  \0$aDiscussion paper (Centre for Economic Policy Research (Great Britain)).$pInternational macroeconomics ;$vno. 10453.
=852  41$aBritish Library$bHMNTS$jYK.2016.a.4436
=856  40$uhttp://www.cepr.org/active/publications/discussion_papers/dp.php?dpno=10453
=985  \\$aLDLSCP record - no ISBN match on import to BLL01
=CAT  \\$aBATCH-LDLN$b00$c20150622$lBLL01$h2114
=CAT  \\$aBATCH-UPD$b00$c20160217$lBLL01$h1852
=CAT  \\$a7732$b40$c20161024$lBLL01$h1324
=CAT  \\$aBATCH-016$c20161026$lBLL01$h2153
=CAT  \\$a9666$b40$c20161215$lBLL01$h1359
=CAT  \\$aBATCH-MBS$c20161223$lBLL01$h2131
=CAT  \\$aBATCH-MBS$c20161230$lBLL01$h2127
=FIN  \\$aY$d20161215
=FMT  \\$a  BK
=LAS  \\$aBATCH-MBS$b00$c20161230$lBLL01$h2127

