=LDR  02963aam a2200553 i 4500
=001  017458764
=003  Uk
=005  20170309145917.0
=008  150417s2015\\\\enk\\\\\\b\\\\000\0\eng\c
=015  \\$aGBB5A0382$2bnb
=016  7\$a017458764$2Uk
=020  \\$qpaperback
=035  \\$a(WlAbNL)vtls006842880
=040  \\$aStEdALDL$beng$cStEdALDL$dWlAbNL$dUk$erda
=042  \\$aukscp
=082  04$a338.7$223
=100  1\$aHsu, Po-Hsuan,$eauthor.
=245  14$aThe new lyrics of the old folks :$bthe role of family ownership in corporate innovation /$cPo-Hsuan Hsu, Sterling Huang, Massimo Massa and Hong Zhang.
=264  \1$aLondon :$bCentre for Economic Policy Research,$c2015.
=300  \\$a69 pages ;$c21 cm.
=336  \\$atext$btxt$2rdacontent
=337  \\$aunmediated$bn$2rdamedia
=338  \\$avolume$bnc$2rdacarrier
=490  1\$aDiscussion paper series,$x0265-8003 ;$vno. 10445
=500  \\$a"March 2015."
=500  \\$a"Submitted 19 February 2015."
=504  \\$aIncludes bibliographical references (pages 33-39).
=520  \\$aAccording to conventional wisdom, family ownership, which signals a lack of social capital and trust in an economy, may impede innovation. This argument, however, fails to recognize that modern family firms can benefit from capitalist institutions that promote innovation. Using a comprehensive sample of U.S. family-owned public firms and patents for the period from 1998 to 2010, we show that family ownership plays multiple roles in promoting innovation and its influence can be attributed to reduced financial constraints, a greater commitment to long-term value, and improved corporate governance. Causality is confirmed through an instrumental variable analysis, a difference-in-difference analysis based on an exogenous regulatory shock and a matched sample analysis.
=650  \0$aFamily-owned business enterprises$xManagement.
=650  \0$aFamily-owned business enterprises$xTechnological innovations.
=650  \0$aCorporate governance.
=650  \0$aFamily-owned business enterprises$xFinance.
=690  7\$aManagement and Business Studies$2blcoll
=700  1\$aHuang, Sterling,$eauthor.
=700  1\$aMassa, Massimo,$eauthor.
=700  1\$aZhang, Hong$c(Economist),$eauthor.
=710  2\$aCentre for Economic Policy Research (Great Britain)
=830  \0$aDiscussion paper (Centre for Economic Policy Research (Great Britain)) ;$vno. 10445.
=852  41$aBritish Library$bHMNTS$jYK.2017.a.1048
=856  40$uhttp://www.cepr.org/active/publications/discussion_papers/dp.php?dpno=10445
=985  \\$aLDLSCP record - no ISBN match on import to BLL01
=CAT  \\$aBATCH-LDLN$b00$c20150727$lBLL01$h2111
=CAT  \\$a7732$b40$c20161020$lBLL01$h1645
=CAT  \\$aBATCH-016$c20161026$lBLL01$h2154
=CAT  \\$a9671$b40$c20170309$lBLL01$h1459
=CAT  \\$aBATCH-MBS$c20170317$lBLL01$h2101
=FIN  \\$aY$d20170309
=FMT  \\$a  BK
=LAS  \\$aBATCH-MBS$b00$c20170317$lBLL01$h2101

