=LDR  03060 am a2200505 i 4500
=001  017482877
=003  Uk
=005  20170815135429.0
=008  150526s2015\\\\enk\\\\\\b\\\\000\0\eng\c
=015  \\$aGBB5A7637$2bnb
=016  7\$a017482877$2Uk
=020  \\$qpaperback
=035  \\$a(WlAbNL)vtls006854992
=040  \\$aStEdALDL$beng$cStEdALDL$dWlAbNL$erda
=042  \\$aukscp
=100  1\$aBerry, James$q(James W.),$eauthor.
=245  14$aThe impact of financial education for youth in Ghana /$cJames Berry, Dean S. Karlan and Menno Pradhan.
=264  \1$aLondon :$bCentre for Economic Policy Research,$c2015.
=300  \\$a32 pages ;$c21 cm.
=336  \\$atext$btxt$2rdacontent
=337  \\$aunmediated$bn$2rdamedia
=338  \\$avolume$bnc$2rdacarrier
=490  1\$aDiscussion paper series,$x0265-8003 ;$vno. 10529
=500  \\$a"April 2015."
=500  \\$a"Submitted 30 March 2015."
=504  \\$aIncludes bibliographical references (pages 15-16).
=520  \\$aWe evaluate, using a randomized trial, two school-based financial literacy education programs in government-run primary and junior high schools in Ghana. One program integrated financial and social education, whereas the second program only offered financial education. Both programs included a voluntary after-school savings club that provided students with a locked money box. After nine months, both programs had significant impacts on savings behavior relative to the control group, mostly because children moved savings from home to school. We observed few other impacts. We do find that financial education, when not accompanied by social education, led children to work more compared to the control group, whereas no such effect is found for the integrated curriculum; however, the difference between the two treatment effects on child labor is not statistically significant.
=588  \\$aDescription based on online resource; title from http://www.cepr.org/active/publications/discussion_papers/dp.php?dpno=10529 viewed April 7, 2015.
=650  \0$aFinancial literacy$zGhana$xEconometric models.
=650  \0$aYouth$zGhana$xFinance, Personal$xEconometric models.
=650  \0$aSaving and investment$zDeveloping countries$xEconometric models.
=700  1\$aKarlan, Dean S.,$eauthor.
=700  1\$aPradhan, Menno,$d1965-$eauthor.
=710  2\$aCentre for Economic Policy Research (Great Britain),$epublisher.
=830  \0$aDiscussion paper (Centre for Economic Policy Research (Great Britain)).$pDevelopment economics and financial economics ;$vno. 10529.
=852  41$aBritish Library$bHMNTS$jYKL.2017.a.11439
=856  40$uhttp://www.cepr.org/active/publications/discussion_papers/dp.php?dpno=10529
=985  \\$aAwaiting NetCat DDC
=985  \\$aLDLSCP record - no ISBN match on import to BLL01
=CAT  \\$aBATCH-LDLN$b00$c20150810$lBLL01$h2128
=CAT  \\$aBATCH-UPD$b00$c20160318$lBLL01$h1048
=CAT  \\$aBATCH-016$c20161123$lBLL01$h2201
=CAT  \\$a7359$b40$c20170815$lBLL01$h1354
=FMT  \\$a  BK
=LAS  \\$a7359$b40$c20170815$lBLL01$h1354

