=LDR  04040 am a2200517 i 4500
=001  017482878
=003  Uk
=005  20170815105417.0
=008  150526s2015\\\\enkab\\\\b\\\\000\0\eng\c
=015  \\$aGBB5A7638$2bnb
=016  7\$a017482878$2Uk
=020  \\$qpaperback
=035  \\$a(WlAbNL)vtls006854958
=040  \\$aStEdALDL$beng$cStEdALDL$dWlAbNL$erda
=042  \\$aukscp
=100  1\$aAlbanesi, Stefania,$eauthor.
=245  10$aInsolvency after the 2005 bankruptcy reform /$cStefania Albanesi and Jaromir Nosal.
=264  \1$aLondon :$bCentre for Economic Policy Research,$c2015.
=300  \\$a48 pages :$billustrations (black and white), maps (black and white) ;$c21 cm.
=336  \\$atext$btxt$2rdacontent
=336  \\$astill image$bsti$2rdacontent
=336  \\$acartographic image$bcri$2rdacontent
=337  \\$aunmediated$bn$2rdamedia
=338  \\$avolume$bnc$2rdacarrier
=490  1\$aDiscussion paper series,$x0265-8003 ;$vno. 10533
=500  \\$a"April 2015".
=500  \\$a"Submitted 01 April 2015."
=504  \\$aIncludes bibliographical references (pages 38-39).
=520  \\$aUsing a comprehensive panel data set on U.S. households, we study the effects of the 2005 Bankruptcy Abuse Prevention and Consumer Protection Act (BAPCPA), the most substantive reform of personal bankruptcy in the United States since the Bankruptcy Reform Act of 1978. The 2005 legislation introduced a means test based on income to establish eligibility for Chapter 7 bankruptcy and increased the administrative requirements to file, leading to a rise in the opportunity cost and, especially, the financial cost of filing for bankruptcy. We study the effects of the reform on bankruptcy, insolvency, and foreclosure. We find that the reform caused a permanent drop in the Chapter 7 bankruptcy rate relative to pre-reform levels, due to the rise in filing costs associated with the reform, which can be interpreted as resulting from liquidity constraints. We find that the decline in bankruptcy filings resulted in a rise in the rate and persistence of insolvency as well as an increase in the rate of foreclosure. We find no evidence of a link between the decline in bankruptcy and a rise in the number of individuals who are current on their debt. We document that these effects are concentrated at the bottom of the income distribution, suggesting that the income means tests introduced by BAPCPA did not serve as an effective screening device. We show that insolvency is associated with worse financial outcomes than bankruptcy, as insolvent individuals have less access to new lines of credit and display lower credit scores than individuals who file for bankruptcy. Since bankruptcy filings declined much more for low income individuals, our findings suggest that BAPCPA may have removed an important form of relief from financial distress for this group.
=588  \\$aDescription based on online resource; title from http://www.cepr.org/active/publications/discussion_papers/dp.php?dpno=10533 viewed April 17, 2015.
=610  10$aUnited States.$tBankruptcy Abuse Prevention and Consumer Protection Act of 2005$xEconomic aspects.
=650  \0$aBankruptcy$xGovernment policy$zUnited States.
=650  \0$aForeclosure$zUnited States.
=700  1\$aNosal, Jaromir B.,$eauthor.
=710  2\$aCentre for Economic Policy Research (Great Britain),$epublisher.
=830  \0$aDiscussion paper (Centre for Economic Policy Research (Great Britain)).$pFinancial economics and international macroeconomics ;$vno. 10533.
=852  41$aBritish Library$bHMNTS$jYKL.2017.a.11374
=856  40$uhttp://www.cepr.org/active/publications/discussion_papers/dp.php?dpno=10533
=985  \\$aAwaiting NetCat DDC
=985  \\$aLDLSCP record - no ISBN match on import to BLL01
=CAT  \\$aBATCH-LDLN$b00$c20150810$lBLL01$h2128
=CAT  \\$aBATCH-UPD$b00$c20160130$lBLL01$h0635
=CAT  \\$aBATCH-016$c20161123$lBLL01$h2201
=CAT  \\$a7359$b40$c20170815$lBLL01$h1054
=FMT  \\$a  BK
=LAS  \\$a7359$b40$c20170815$lBLL01$h1054

