=LDR  03502aam a2200553 i 4500
=001  017482879
=003  Uk
=005  20161006113912.0
=008  150320s2015\\\\enk\\\\\\b\\\\000\0\eng\c
=015  \\$aGBB5A7639$2bnb
=016  7\$a017482879$2Uk
=020  \\$cNo price$qpaperback
=035  \\$a(WlAbNL)vtls006838742
=040  \\$aStEdALDL$beng$cStEdALDL$dWlAbNL$dUk$erda
=042  \\$aukscp
=082  04$a381.015118$223
=100  1\$aFoellmi, Reto,$eauthor.
=245  10$aInnovation and trade in the presence of credit constraints /$cReto Foellmi, Stefan Legge and Alexa Tiemann.
=264  \1$aLondon :$bCentre for Economic Policy Research,$cFebruary 2015.
=300  \\$a36 pages ;$c21 cm.
=336  \\$atext$btxt$2rdacontent
=336  \\$astill image$bsti$2rdacontent
=337  \\$aunmediated$bn$2rdamedia
=338  \\$avolume$bnc$2rdacarrier
=490  1\$aDiscussion paper series / Centre for Economic Policy Research,$x0265-8003 ;$vno. 10391
=500  \\$a"Submitted 26 January 2015."
=504  \\$aIncludes bibliographical references (pages 26-28).
=520  \\$aThis paper examines how trade liberalization affects investments in R&D at the firm level. In a model where entrepreneurs are heterogeneous in their wealth endowment, they rely differently on external funds. In the presence of capital market imperfections, this implies heterogeneous access to external funds such that poor entrepreneurs run smaller firms, are less likely to invest in R&D, and more likely to exit the market. Decreasing trade costs resulting from tariff reductions exacerbate these characteristics. Using firm-level panel data on seven Latin American countries for 2006 and 2010, we find support for our theoretical predictions. While recent studies emphasize a positive impact of trade liberalization on firms' productivity-enhancing activities, we provide novel evidence showing that financial constraints can impair the effect on R&D efforts. To address potential endogeneity concerns, we verify our findings using external financial dependence based on U.S. firms. These results suggest that imperfect capital markets can prevent welfare gains from trade liberalization to materialize.
=588  \\$aDescription based on online resource; title from http://www.cepr.org/active/publications/discussion_papers/dp.php?dpno=10391 viewed February 3, 2015.
=650  \0$aFree trade$xEconometric models.
=650  \0$aTechnological innovations$xEconomic aspects$xEconometric models.
=650  \0$aIndustrial productivity$xEconometric models.
=690  7\$aManagement and Business Studies$2blcoll
=700  1\$aLegge, Stefan,$eauthor.
=700  1\$aTiemann, Alexa,$eauthor.
=710  2\$aCentre for Economic Policy Research (Great Britain),$eissuing body.
=830  \0$aDiscussion paper (Centre for Economic Policy Research (Great Britain)).$pInternational trade and regional economics ;$vno. 10391.
=852  41$aBritish Library$bHMNTS$jYK.2016.a.3410
=856  40$uhttp://www.cepr.org/active/publications/discussion_papers/dp.php?dpno=10391
=985  \\$aLDLSCP record - no ISBN match on import to BLL01
=CAT  \\$aBATCH-LDLN$b00$c20150810$lBLL01$h2128
=CAT  \\$a7732$b40$c20160906$lBLL01$h1258
=CAT  \\$aBATCH-016$c20160907$lBLL01$h2147
=CAT  \\$a7000$b40$c20161006$lBLL01$h1133
=CAT  \\$a7000$b40$c20161006$lBLL01$h1139
=CAT  \\$aBATCH-MBS$c20161014$lBLL01$h2058
=FIN  \\$aY$d20161006
=FMT  \\$a  BK
=LAS  \\$aBATCH-MBS$b00$c20161014$lBLL01$h2058

