=LDR  02737 am a2200505 i 4500
=001  017493624
=003  Uk
=005  20170808122726.0
=008  150526s2015\\\\enk\\\\\\b\\\\000\0\eng\c
=015  \\$aGBB5B2217$2bnb
=016  7\$a017493624$2Uk
=020  \\$qpaperback
=035  \\$a(WlAbNL)vtls006854874
=040  \\$aStEdALDL$beng$cStEdALDL$dWlAbNL$erda
=042  \\$aukscp
=100  1\$aFumagalli, Chiara,$eauthor.
=245  10$aOn the use of price-cost tests in loyalty discounts :$bwhich implications from economic theory? /$cChiara Fumagalli and Massimo Motta.
=264  \1$aLondon :$bCentre for Economic Policy Research,$c2015.
=300  \\$a27 pages ;$c21 cm.
=336  \\$atext$btxt$2rdacontent
=337  \\$aunmediated$bn$2rdamedia
=338  \\$avolume$bnc$2rdacarrier
=490  1\$aDiscussion paper series,$x0265-8003 ;$vno. 10550
=500  \\$a"April 2015."
=500  \\$a"Submitted 10 April 2015."
=504  \\$aIncludes bibliographical references.
=520  \\$aRecent cases in the US (Meritor, Eisai) and in the EU (Intel) have revived the debate on the use of price-cost tests in loyalty discount cases. We draw on existing recent economic theories of exclusion and develop new formal material to argue that economics alone does not justify applying a price-cost test to predation but not to loyalty discounts. Still, the latter contain features (they reference rivals and allow to discriminate across buyers and/or units bought) that have a higher exclusionary potential than the former, and this may well warrant closer scrutiny and more severe treatment from antitrust agencies and courts.
=588  \\$aDescription based on online resource; title from http://www.cepr.org/active/publications/discussion_papers/dp.php?dpno=10550 viewed April 20, 2015.
=650  \0$aCustomer loyalty programs.
=650  \0$aAntitrust law$xEconomic aspects.
=650  \0$aCompetition$xEconomic aspects.
=650  \0$aBarriers to entry (Industrial organization)
=700  1\$aMotta, Massimo,$eauthor.
=710  2\$aCentre for Economic Policy Research (Great Britain),$epublisher.
=830  \0$aDiscussion paper (Centre for Economic Policy Research (Great Britain)).$pIndustrial organization ;$vno. 10550.
=852  41$aBritish Library$bHMNTS$jYK.2017.a.3074
=856  40$uhttp://www.cepr.org/active/publications/discussion_papers/dp.php?dpno=10550
=985  \\$aLDLSCP record - no ISBN match on import to BLL01
=985  \\$aAwaiting NetCat DDC
=CAT  \\$aBATCH-LDLN$b00$c20150817$lBLL01$h2121
=CAT  \\$aBATCH-UPD$b00$c20160825$lBLL01$h2150
=CAT  \\$aBATCH-016$c20161123$lBLL01$h2201
=CAT  \\$a10962$b40$c20170808$lBLL01$h1227
=FMT  \\$a  BK
=LAS  \\$a10962$b40$c20170808$lBLL01$h1227

