=LDR  02755 am a2200517 i 4500
=001  017493625
=003  Uk
=005  20180307130709.0
=008  150526s2015\\\\enka\\\\\b\\\\000\0\eng\c
=015  \\$aGBB5B2218$2bnb
=016  7\$a017493625$2Uk
=020  \\$qpaperback
=035  \\$a(WlAbNL)vtls006854918
=040  \\$aStEdALDL$beng$cStEdALDL$dWlAbNL$erda
=042  \\$aukscp
=100  1\$aBrunt, Liam,$eauthor.
=245  10$aWeather shocks and English wheat yields, 1690-1871 /$cLiam Brunt.
=264  \1$aLondon :$bCentre for Economic Policy Research,$c2015.
=300  \\$a16 pages :$billustrations (black and white) ;$c21 cm.
=336  \\$atext$btxt$2rdacontent
=336  \\$astill image$bsti$2rdacontent
=337  \\$aunmediated$bn$2rdamedia
=338  \\$avolume$bnc$2rdacarrier
=490  1\$aDiscussion paper series,$x0265-8003 ;$vno. 10530
=500  \\$a"April 2015."
=500  \\$a"Submitted 30 March 2015."
=504  \\$aIncludes bibliographical references (pages 15-16).
=520  \\$aWe estimate a time series model of weather shocks on English wheat yields for the early nineteenth century and use it to predict weather effects on yield levels from 1697 to 1871. This reveals that yields in the 1690s were depressed by unusually poor weather; and those in the late 1850s were inflated by unusually good weather. This has led researchers to overestimate the underlying growth of yields over the period by perhaps 50 per cent. Correcting for this effect would largely reconcile the conflicting primal and dual estimates of productivity growth over the period.
=588  \\$aDescription based on online resource; title from http://www.cepr.org/active/publications/discussion_papers/dp.php?dpno=10530 viewed April 8, 2015.
=650  \0$aWheat$xPrices$zEngland$xHistory$xEconometric models.
=650  \0$aCrop yields$zEngland$xHistory$xEconometric models.
=650  \0$aClimatic changes$xEconomic aspects$zEngland$xEconometric models.
=650  \0$aTime-series analysis.
=710  2\$aCentre for Economic Policy Research (Great Britain),$epublisher.
=830  \0$aDiscussion paper (Centre for Economic Policy Research (Great Britain)).$pEconomic history ;$vno. 10530.
=852  41$aBritish Library$bHMNTS$jYKL.2017.a.11444
=856  40$uhttp://www.cepr.org/active/publications/discussion_papers/dp.php?dpno=10530
=985  \\$aAwaiting NetCat DDC
=985  \\$aLDLSCP record - no ISBN match on import to BLL01
=CAT  \\$aBATCH-LDLN$b00$c20150817$lBLL01$h2121
=CAT  \\$aBATCH-UPD$b00$c20160130$lBLL01$h0636
=CAT  \\$aBATCH-016$c20161123$lBLL01$h2201
=CAT  \\$a7359$b40$c20170815$lBLL01$h1405
=CAT  \\$a12420$b40$c20180307$lBLL01$h1307
=FMT  \\$a  BK
=LAS  \\$a12420$b40$c20180307$lBLL01$h1307

