=LDR  03316 am a2200517 i 4500
=001  017493627
=003  Uk
=005  20170803125435.0
=008  150526s2015\\\\enka\\\\\b\\\\000\0\eng\c
=015  \\$aGBB5B2220$2bnb
=016  7\$a017493627$2Uk
=020  \\$qpaperback
=035  \\$a(WlAbNL)vtls006854934
=040  \\$aStEdALDL$beng$cStEdALDL$dWlAbNL$erda
=042  \\$aukscp
=100  1\$aFederico, Giovanni,$d1954-$eauthor.
=245  10$aWhat do we really know about protection before the great depression :$bevidence from Italy /$cGiovanni Federico and Michelangelo Vasta.
=264  \1$aLondon :$bCentre for Economic Policy Research,$c2015.
=300  \\$a39 pages :$billustrations ;$c21 cm.
=336  \\$atext$btxt$2rdacontent
=336  \\$astill image$bsti$2rdacontent
=337  \\$aunmediated$bn$2rdamedia
=338  \\$avolume$bnc$2rdacarrier
=490  1\$aDiscussion paper series,$x0265-8003 ;$vno. 10522
=500  \\$a"April 2015."
=500  \\$a"Submitted 28 March 2015."
=504  \\$aIncludes bibliographical references (pages 30-34).
=520  \\$aThe impact of protection on economic growth is one of the traditional issues in economic history, which has enjoyed a revival in recent times, with the publication of a number of comparative quantitative papers. They all share a common weakness: they measure protection with the ratio of custom revenues to imports, which is bound to bias results if imports are not perfectly inelastic. In this paper, we show that the measure of protection matters, by estimating the Trade Restrictiveness Index (TRI) by Anderson and Neary (2005) for Italy from its unification to the Great Depression. We put forward a different interpretation of some key moments of Italian trade policy and we show that the aggregate welfare losses were small in the long run and mostly related to the outlandish protection on sugar in the 1880s and 1890s. We also show that different measures of protection affect considerably the results of econometric tests on the causal relation between trade policy on economic growth in Italy and in the United States. Accordingly, we argue that the economic history of trade policy needs a systematic re-estimating of protection.
=588  \\$aDescription based on online resource; title from http://www.cepr.org/active/publications/discussion_papers/dp.php?dpno=10522 viewed April 8, 2015.
=650  \0$aProtectionism$zItaly$xHistory.
=650  \0$aEconomic development$zItaly$xHistory.
=650  \0$aForeign trade regulation.
=651  \0$aItaly$xEconomic conditions.
=700  1\$aVasta, Michelangelo,$eauthor.
=710  2\$aCentre for Economic Policy Research (Great Britain),$eissuing body.
=830  \0$aDiscussion paper (Centre for Economic Policy Research (Great Britain)).$pEconomic history ;$vno. 10522.
=852  41$aBritish Library$bHMNTS$jYK.2017.a.2983
=856  40$uhttp://www.cepr.org/active/publications/discussion_papers/dp.php?dpno=10522
=985  \\$aAwaiting NetCat DDC
=985  \\$aLDLSCP record - no ISBN match on import to BLL01
=CAT  \\$aBATCH-LDLN$b00$c20150817$lBLL01$h2121
=CAT  \\$aBATCH-UPD$b00$c20151209$lBLL01$h2155
=CAT  \\$aBATCH-016$c20161116$lBLL01$h2154
=CAT  \\$a8158$b40$c20170803$lBLL01$h1254
=FMT  \\$a  BK
=LAS  \\$a8158$b40$c20170803$lBLL01$h1254

