=LDR  03117 am a2200517 i 4500
=001  017514694
=003  Uk
=005  20170815124317.0
=008  150625s2015\\\\enkab\\\\b\\\\000\0\eng\c
=015  \\$aGBB5B6894$2bnb
=016  7\$a017514694$2Uk
=020  \\$qpaperback
=035  \\$a(WlAbNL)vtls006861958
=040  \\$aStEdALDL$beng$cStEdALDL$dWlAbNL$erda
=042  \\$aukscp
=100  1\$aStroebel, Johannes,$eauthor.
=245  10$aHouse prices, local demand, and retail prices /$cJohannes Stroebel and Joseph Vavra.
=264  \1$aLondon :$bCentre for Economic Policy Research,$c2015.
=300  \\$a42, 20 pages :$billustrations (black and white), map (black and white) ;$c21 cm.
=336  \\$atext$btxt$2rdacontent
=336  \\$astill image$bsti$2rdacontent
=337  \\$aunmediated$bn$2rdamedia
=338  \\$avolume$bnc$2rdacarrier
=490  1\$aDiscussion paper series,$x0265-8003 ;$v10612
=500  \\$a"Submitted 11 May 2015."
=504  \\$aIncludes bibliographical references (pages 30-33).
=520  \\$aWe use detailed micro data to document a causal response of local retail price to changes in house prices, with elasticities of 15%-20% across housing booms and busts. Notably, these price responses are largest in zip codes with many homeowners, and non-existent in zip codes with mostly renters. We provide evidence that these retail price responses are driven by changes in markups rather than by changes in local costs. We then argue that markups rise with house prices, particularly in high homeownership locations, because greater housing wealth reduces homeowners' demand elasticity, and firms raise markups in response. Consistent with this explanation, shopping data confirms that house price changes have opposite effects on the price sensitivity of homeowners and renters. Our evidence has implications for monetary, labor, and urban economics, and suggests a new source of markup variation in business cycle models.
=650  \0$aMarkup$zUnited States$xEconometric models.
=650  \0$aConsumer goods$xPrices$zUnited States$xEconometric models.
=650  \0$aHousing$xPrices$zUnited States$xEconometric models.
=650  \0$aConsumer behavior$zUnited States$xEconometric models.
=650  \0$aInflation (Finance)$zUnited States$xEconometric models.
=650  \0$aBusiness cycles$zUnited States$xEconometric models.
=700  1\$aVavra, Joseph S.,$eauthor.
=710  2\$aCentre for Economic Policy Research (Great Britain),$eissuing body.
=830  \0$aDiscussion paper (Centre for Economic Policy Research (Great Britain)).$pFinancial economics ;$vno. 10612.
=852  41$aBritish Library$bHMNTS$jYKL.2017.a.11418
=856  40$uhttp://www.cepr.org/active/publications/discussion_papers/dp.php?dpno=10612
=985  \\$aAwaiting NetCat DDC
=985  \\$aLDLSCP record - no ISBN match on import to BLL01
=CAT  \\$aBATCH-LDLN$b00$c20150831$lBLL01$h2102
=CAT  \\$aBATCH-UPD$b00$c20150831$lBLL01$h2102
=CAT  \\$aBATCH-016$c20161130$lBLL01$h2202
=CAT  \\$a7359$b40$c20170815$lBLL01$h1243
=FMT  \\$a  BK
=LAS  \\$a7359$b40$c20170815$lBLL01$h1243

