=LDR  03257 am a2200505 i 4500
=001  017514695
=003  Uk
=005  20170803130309.0
=008  150625s2015\\\\enka\\\\\b\\\\000\0\eng\c
=015  \\$aGBB5B6895$2bnb
=016  7\$a017514695$2Uk
=020  \\$qpaperback
=035  \\$a(WlAbNL)vtls006861968
=040  \\$aStEdALDL$beng$cStEdALDL$dWlAbNL$erda
=042  \\$aukscp
=100  1\$aBroadberry, S. N.,$eauthor.
=245  10$aHow did Japan catch-up on the west? :$ba sectoral analysis of Anglo-Japanese productivity differences, 1885-2000 /$cStephen N Broadberry, Kyoji Fukao and Nick Zammit.
=264  \1$aLondon :$bCentre for Economic Policy Research,$c2015.
=300  \\$a42 pages :$billustrations (black and white) ;$c21 cm.
=336  \\$atext$btxt$2rdacontent
=336  \\$astill image$bsti$2rdacontent
=337  \\$aunmediated$bn$2rdamedia
=338  \\$avolume$bnc$2rdacarrier
=490  1\$aDiscussion paper series,$x0265-8003 ;$v10570
=500  \\$a"Submitted 27 April 2015."
=500  \\$a"May 2015"
=504  \\$aIncludes bibliographical references (pages 37-42).
=520  \\$aAlthough Japanese economic growth after the Meiji Restoration is often characterised as a gradual process of trend acceleration, comparison with the United States suggests that catching-up only really started after 1950, due to the unusually dynamic performance of the US economy before 1950. A comparison with the United Kingdom, still the world productivity leader in 1868, reveals an earlier period of Japanese catching up between the 1890s and the 1920s, with a pause between the 1920s and the 1940s. Furthermore, this earlier process of catching up was driven by the dynamic productivity performance of Japanese manufacturing, which is also obscured by a comparison with the United States. Japan overtook the UK as a major exporter of manufactured goods not simply by catching-up in labour productivity terms, but by holding the growth of real wages below the growth of labour productivity so as to enjoy a unit labour cost advantage. Accounting for levels differences in labour productivity between Japan and the United Kingdom reveals an important role for capital in the catching-up process, casting doubt on the characterisation of Japan as following a distinctive Asian path of labour intensive industrialisation.
=650  \0$aEconomic development$zJapan$xHistory.
=650  \0$aLabor productivity$zJapan$xHistory.
=651  \0$aJapan$xEconomic conditions$xHistory.
=700  1\$aFukao, Kyōji,$eauthor.
=700  1\$aZammit, Nick,$eauthor.
=710  2\$aCentre for Economic Policy Research (Great Britain),$eissuing body.
=830  \0$aDiscussion paper (Centre for Economic Policy Research (Great Britain)) ;$vno. 10570.
=852  41$aBritish Library$bHMNTS$jYK.2017.a.2990
=856  40$uhttp://www.cepr.org/active/publications/discussion_papers/dp.php?dpno=10570
=985  \\$aAwaiting NetCat DDC
=985  \\$aLDLSCP record - no ISBN match on import to BLL01
=CAT  \\$aBATCH-LDLN$b00$c20150831$lBLL01$h2102
=CAT  \\$aBATCH-UPD$b00$c20150831$lBLL01$h2102
=CAT  \\$aBATCH-016$c20161130$lBLL01$h2202
=CAT  \\$a8158$b40$c20170803$lBLL01$h1303
=FMT  \\$a  BK
=LAS  \\$a8158$b40$c20170803$lBLL01$h1303

