=LDR  03013 am a2200505 i 4500
=001  017530528
=003  Uk
=005  20170803131555.0
=008  150625s2015\\\\enka\\\\\b\\\\000\0\eng\c
=015  \\$aGBB5B8685$2bnb
=016  7\$a017530528$2Uk
=020  \\$qpaperback
=035  \\$a(WlAbNL)vtls006862042
=040  \\$aStEdALDL$beng$cStEdALDL$dWlAbNL$erda
=042  \\$aukscp
=100  10$aBenigno, Pierpaolo,$eauthor.
=245  10$aNon-neutrality of open-market operations /$cPierpaolo Benigno and Salvatore Nisticò.
=264  \1$aLondon :$bCentre for Economic Policy Research,$c2015.
=300  \\$a61 pages :$billustrations (black and white) ;$c21 cm.
=336  \\$atext$btxt$2rdacontent
=336  \\$astill image$bsti$2rdacontent
=337  \\$aunmediated$bn$2rdamedia
=338  \\$avolume$bnc$2rdacarrier
=490  1\$aDiscussion paper series,$x0265-8003 ;$vno. 10594
=500  \\$a"May 2015."
=500  \\$a"Submitted 06 May 2015. Updated 10 June 2015."
=504  \\$aIncludes bibliographical references (pages 49-52).
=520  \\$aUnconventional open-market operations can have consequences for inflation and output because of income losses on central-bank balance sheet. A proposition of neutrality holds under some special monetary and fiscal policy regimes in which the treasury is ready to cover central bank's losses through appropriate transfers levied as taxes on the private sector. In absence of treasury's support, large and recurrent central bank's losses can undermine its long-run solvency and should be resolved through a prolonged increase in inflation. Small and infrequent losses can be absorbed by future retained earnings without any further consequences on prices. A central bank averse to declining net worth commits to a more inflationary stance and delayed exit strategy from a liquidity trap. In absence of taxpayers' support, it is also desirable to increase inflation to the end of reducing the duration of central bank's losses.
=650  \0$aMonetary policy$xEconometric models.
=650  \0$aFiscal policy$xEconometric models.
=650  \0$aBanks and banking, Central$xAccounting$xEconometric models.
=650  \0$aLiquidity (Economics)$xEconometric models.
=700  1\$aNisticò, Salvatore,$d1974-$eauthor.
=710  2\$aCentre for Economic Policy Research (Great Britain),$eissuing body.
=830  \0$aDiscussion paper (Centre for Economic Policy Research (Great Britain)).$pFinancial economics and international macroeconomics ;$vno. 10594.
=852  41$aBritish Library$bHMNTS$jYK.2017.a.2997
=856  40$uhttp://www.cepr.org/active/publications/discussion_papers/dp.php?dpno=10594
=985  \\$aAwaiting NetCat DDC
=985  \\$aLDLSCP record - no ISBN match on import to BLL01
=CAT  \\$aBATCH-LDLN$b00$c20150907$lBLL01$h2047
=CAT  \\$aBATCH-UPD$b00$c20150907$lBLL01$h2047
=CAT  \\$aBATCH-016$c20161130$lBLL01$h2202
=CAT  \\$a8158$b40$c20170803$lBLL01$h1315
=FMT  \\$a  BK
=LAS  \\$a8158$b40$c20170803$lBLL01$h1315

