=LDR  02652 am a2200481 i 4500
=001  017530529
=003  Uk
=005  20170803132542.0
=008  150625s2015\\\\enka\\\\\b\\\\000\0\eng\c
=015  \\$aGBB5B8686$2bnb
=016  7\$a017530529$2Uk
=020  \\$qpaperback
=035  \\$a(WlAbNL)vtls006861950
=040  \\$aStEdALDL$beng$cStEdALDL$dWlAbNL$erda
=042  \\$aukscp
=100  1\$aPrados de la Escosura, Leandro,$eauthor.
=245  10$aHuman development as positive freedom :$bLatin America in historical perspective /$cLeandro Prados de la Escosura.
=264  \1$aLondon :$bCentre for Economic Policy Research,$c2015.
=300  \\$a47 pages :$billustrations (black and white) ;$c21 cm.
=336  \\$atext$btxt$2rdacontent
=336  \\$astill image$bsti$2rdacontent
=337  \\$aunmediated$bn$2rdamedia
=338  \\$avolume$bnc$2rdacarrier
=490  1\$aDiscussion paper series,$x0265-8003 ;$v10613
=500  \\$a"Submitted 14 May 2015."
=504  \\$aIncludes bibliographical references (pages 17-22, 45-47).
=520  \\$aHow has Latin America's wellbeing evolved over time? How does Latin America compare to today's developed countries (OECD, for short)? What explains their differences? These questions are addressed using an historical index of human development. A sustained improvement in wellbeing can be observed since 1870. The absolute gap between OECD and Latin America widened over time, but an incomplete catching up -- largely explained by education -- occurred since 1900, but faded away after 1980, as Latin America fell behind the OECD in terms of longevity. Once the first health transition was exhausted, the contribution of life expectancy to human development declined.
=650  \0$aProgress$xEconomic aspects$zLatin America.
=650  \0$aWell-being$xSocial aspects$zLatin America.
=650  \0$aWell-being$xEconomic aspects$zLatin America.
=650  \0$aEconomic development$zLatin America.
=710  2\$aCentre for Economic Policy Research (Great Britain),$eissuing body.
=830  \0$aDiscussion paper (Centre for Economic Policy Research (Great Britain)).$pEconomic history ;$vno. 10613.
=852  41$aBritish Library$bHMNTS$jYK.2017.a.3004
=856  40$uhttp://www.cepr.org/active/publications/discussion_papers/dp.php?dpno=10613
=985  \\$aAwaiting NetCat DDC
=985  \\$aLDLSCP record - no ISBN match on import to BLL01
=CAT  \\$aBATCH-LDLN$b00$c20150907$lBLL01$h2047
=CAT  \\$aBATCH-UPD$b00$c20150907$lBLL01$h2047
=CAT  \\$aBATCH-016$c20161130$lBLL01$h2202
=CAT  \\$a8158$b40$c20170803$lBLL01$h1325
=FMT  \\$a  BK
=LAS  \\$a8158$b40$c20170803$lBLL01$h1325

