=LDR  03079 am a2200505 i 4500
=001  018716259
=003  Uk
=005  20181128133349.0
=008  180105s2017\\\\enka\\\\\b\\\\000\0\eng\c
=015  \\$aGBB821988$2bnb
=016  7\$a018716259$2Uk
=020  \\$cNo price$qpaperback
=035  \\$a(WlAbNL)99821634602419
=035  \\$a(StEdALDL)1/3620934
=035  \\$a(UkOxU)021087939
=040  \\$aStEdALDL$beng$cStEdALDL$dWlAbNL$erda
=042  \\$aukscp
=100  1\$aPeress, Joël,$d1971-$eauthor.
=245  10$aNoise traders incarnate :$bdescribing a realistic noise trading process /$cJoël Peress and Daniel Schmidt.
=264  \1$aLondon :$bCentre for Economic Policy Research,$c10 November 2017.
=300  \\$a69 pages :$billustrations (black and white) ;$c21 cm.
=336  \\$atext$btxt$2rdacontent
=336  \\$astill image$bsti$2rdacontent
=337  \\$aunmediated$bn$2rdamedia
=338  \\$avolume$bnc$2rdacarrier
=490  1\$aDiscussion paper series,$x0265-8003$aFinancial economics ;$vDP12434
=500  \\$a"Submitted 10 November 2017"--Title page.
=504  \\$aIncludes bibliographical references (pages 38-42).
=520  \\$a"We estimate a realistic process for noise trading to help theorists calibrate noisy rational expectations models. For this purpose, we characterize the trades initiated by individual investors, who are natural candidates for the role of noise traders because their trades are, on average, cross-correlated and loss making. We use transactions data from a retail brokerage house, small TAQ trades, and flows to retail mutual funds, obtaining consistent results. We find that noise trading can be treated as approximately i.i.d. at monthly and lower frequencies but that weekly and daily trades are serially correlated; the distribution of noise trading is less heavy-tailed at lower frequency but conforms to a normal only for quarterly data. We provide a complete description of these processes, including estimates of their standard deviation. In line with theory, the estimates are higher for more liquid and volatile stocks; they also suggest that the prevalence of noise trading has declined over time."--Abstract
=650  \0$aPortfolio management$xEconometric models.
=650  \0$aStocks$xPrices$xEconometric models.
=650  \0$aIndividual investors$xEconometric models.
=700  1\$aSchmidt, Daniel,$d1975-$eauthor.
=710  2\$aCentre for Economic Policy Research (Great Britain),$eissuing body.
=830  \0$aDiscussion paper (Centre for Economic Policy Research (Great Britain)) ;$vDP12434.
=852  41$aBritish Library$bHMNTS$jYK.2018.a.7038
=856  40$uhttp://www.cepr.org/active/publications/discussion_papers/dp.php?dpno=12434
=985  \\$aAwaiting NetCat DDC
=985  \\$aLDLSCP record - no ISBN match on import to BLL01
=CAT  \\$aBATCH-LDLN$b00$c20180129$lBLL01$h2111
=CAT  \\$aBATCH-UPD$b00$c20180129$lBLL01$h2111
=CAT  \\$aBATCH-016$c20180221$lBLL01$h2234
=CAT  \\$a10999$b40$c20181128$lBLL01$h1333
=FMT  \\$a  BK
=LAS  \\$a10999$b40$c20181128$lBLL01$h1333

