=LDR  03241 am a2200553 i 4500
=001  018741793
=003  Uk
=005  20181126101256.0
=008  180105s2017\\\\enka\\\\\b\\\\000\0\eng\c
=015  \\$aGBB833570$2bnb
=016  7\$a018741793$2Uk
=020  \\$cNo price$qpaperback
=035  \\$a(WlAbNL)99821420002419
=035  \\$a(StEdALDL)1/3620893
=035  \\$a(UkOxU)021083397
=040  \\$aStEdALDL$beng$cStEdALDL$dWlAbNL$erda
=042  \\$aukscp
=100  1\$aAcemoglu, Daron,$eauthor.
=245  10$aInnovation, reallocation, and growth /$cDaron Acemoglu, Ufuk Akcigit, Harun Alp, Nicholas Bloom and William R. Kerr.
=264  \1$aLondon :$bCentre for Economic Policy Research,$c20 November 2017.
=300  \\$a49, B1-B7 pages :$billustrations (black and white) ;$c21 cm.
=336  \\$atext$btxt$2rdacontent
=336  \\$astill image$bsti$2rdacontent
=337  \\$aunmediated$bn$2rdamedia
=338  \\$avolume$bnc$2rdacarrier
=490  1\$aDiscussion paper series,$x0265-8003$aMacroeconomics and growth ;$vDP12449
=500  \\$a"Submitted 20 November 2017"--Title page.
=504  \\$aIncludes bibliographical references (pages 40-43).
=520  \\$a"We build a model of firm-level innovation, productivity growth and reallocation featuring endogenous entry and exit. A new and central economic force is the selection between high- and low-type firms, which differ in terms of their innovative capacity. We estimate the parameters of the model using US Census micro data on firm-level output, R&D and patenting. The model provides a good fit to the dynamics of firm entry and exit, output and R&D. Taxing the continued operation of incumbents can lead to sizable gains (of the order of 1.4% improvement in welfare) by encouraging exit of less productive firms and freeing up skilled labor to be used for R&D by high-type incumbents. Subsidies to the R&D of incumbents do not achieve this objective because they encourage the survival and expansion of low-type firms."--Abstract.
=650  \0$aBusiness enterprises$xSubsidies$zUnited States$xEconometric models.
=650  \0$aIndustrial policy$zUnited States$xEconometric models.
=650  \0$aTechnological innovations$xGovernment policy$zUnited States$xEconometric models.
=650  \0$aResearch, Industrial$xGovernment policy$zUnited States$xEconometric models.
=700  1\$aAkcigit, Ufuk,$eauthor.
=700  1\$aAlp, Harun,$eauthor.
=700  1\$aBloom, Nick,$d1973-$eauthor.
=700  1\$aKerr, William R.$q(William Robert),$eauthor.
=710  2\$aCentre for Economic Policy Research (Great Britain),$eissuing body.
=830  \0$aDiscussion paper (Centre for Economic Policy Research (Great Britain)).$pMacroeconomics and growth ;$vDP12449.
=852  41$aBritish Library$bHMNTS$jYK.2018.a.6897
=856  40$uhttp://www.cepr.org/active/publications/discussion_papers/dp.php?dpno=12449
=985  \\$aLDLSCP record - no ISBN match on import to BLL01
=985  \\$aAwaiting NetCat DDC
=CAT  \\$aBATCH-LDLN$b00$c20180212$lBLL01$h2120
=CAT  \\$aBATCH-UPD$b00$c20180212$lBLL01$h2120
=CAT  \\$aBATCH-016$c20180221$lBLL01$h2234
=CAT  \\$a11405$b40$c20181126$lBLL01$h1012
=FMT  \\$a  BK
=LAS  \\$a11405$b40$c20181126$lBLL01$h1012

