=LDR  03104 am a2200517 i 4500
=001  018741796
=003  Uk
=005  20181127120435.0
=008  180105s2017\\\\enka\\\\\b\\\\000\0\eng\c
=015  \\$aGBB833573$2bnb
=016  7\$a018741796$2Uk
=020  \\$cNo price$qpaperback
=035  \\$a(WlAbNL)99821623502419
=035  \\$a(StEdALDL)1/3620932
=035  \\$a(UkOxU)021087938
=040  \\$aStEdALDL$beng$cStEdALDL$dWlAbNL$erda
=042  \\$aukscp
=100  1\$aKennedy, Patrick,$d1991-$eauthor.
=245  10$aWhere do people get their news? /$cPatrick Kennedy and Andrea Prat.
=264  \1$aLondon :$bCentre for Economic Policy Research,$c06 November 2017.
=300  \\$a44 pages :$billustrations (black and white) ;$c21 cm.
=336  \\$atext$btxt$2rdacontent
=336  \\$astill image$bsti$2rdacontent
=337  \\$aunmediated$bn$2rdamedia
=338  \\$avolume$bnc$2rdacarrier
=490  1\$aDiscussion paper series,$x0265-8003$aIndustrial organization$aPublic economics ;$vDP12426
=500  \\$a"Submitted 06 November 2017"--Title page.
=504  \\$aIncludes bibliographical references (pages 30-32).
=520  \\$a"The media industry is unique in its ability to spread information that may influence the democratic process. This influence depends on where and how citizens get their political information. While previous research has examined news production and consumption on specific media platforms -- such as newspapers, television, or the Internet -- little is known about overall news consumption across platforms. To fill this gap, we use a model of media power and individual-level survey data on news consumption to estimate the potential electoral influence of major news organizations in 18 countries. Our analysis highlights three global patterns: high levels of concentration in media power, dominant rankings by television companies, and a link between socioeconomic inequality and information inequality. We also explore international differences in the role of public-service broadcasting."--Abstract.
=650  \0$aMass media$xPolitical aspects$xEconometric models.
=650  \0$aMass media$xInfluence$xEconometric models.
=650  \0$aEquality$xEconomic aspects$xEconometric models.
=700  1\$aPrat, Andrea,$eauthor.
=710  2\$aCentre for Economic Policy Research (Great Britain),$eissuing body.
=830  \0$aDiscussion paper (Centre for Economic Policy Research (Great Britain)).$pIndustrial organization ;$vDP12426.
=830  \0$aDiscussion paper (Centre for Economic Policy Research (Great Britain)).$pPublic economics ;$vDP12426.
=852  41$aBritish Library$bHMNTS$jYK.2018.a.6972
=856  40$uhttp://www.cepr.org/active/publications/discussion_papers/dp.php?dpno=12426
=985  \\$aAwaiting NetCat DDC
=985  \\$aLDLSCP record - no ISBN match on import to BLL01
=CAT  \\$aBATCH-LDLN$b00$c20180212$lBLL01$h2120
=CAT  \\$aBATCH-UPD$b00$c20180212$lBLL01$h2120
=CAT  \\$aBATCH-016$c20180221$lBLL01$h2234
=CAT  \\$a11056$b40$c20181127$lBLL01$h1204
=FMT  \\$a  BK
=LAS  \\$a11056$b40$c20181127$lBLL01$h1204

