=LDR  03158 am a2200517 i 4500
=001  018741811
=003  Uk
=005  20181126120115.0
=008  180117s2017\\\\enkb\\\\\b\\\\000\0\eng\c
=015  \\$aGBB833588$2bnb
=016  7\$a018741811$2Uk
=020  \\$cNo price$qpaperback
=035  \\$a(WlAbNL)99845821902419
=035  \\$a(StEdALDL)1/3625343
=035  \\$a(UkOxU)021105327
=040  \\$aStEdALDL$beng$cStEdALDL$dUkOxU$dWlAbNL$erda
=042  \\$aukscp
=100  1\$aDe la Croix, David,$d1964-$eauthor.
=245  10$aHow far can economic incentives explain the French fertility and education transition? /$cDavid De La Croix and Faustine Perrin.
=264  \1$aLondon :$bCentre for Economic Policy Research,$c21 December 2017.
=300  \\$a42 pages :$bmaps (black and white) ;$c21 cm.
=336  \\$atext$btxt$2rdacontent
=336  \\$astill image$bsti$2rdacontent
=337  \\$aunmediated$bn$2rdamedia
=338  \\$avolume$bnc$2rdacarrier
=490  1\$aDiscussion paper series,$x0265-8003$aMacroeconomics and growth ;$vDP12531
=500  \\$a"Submitted 21 December 2017"--Title page.
=504  \\$aIncludes bibliographical references (pages 32-36).
=520  \\$a"We analyze how much a core rational-choice model can explain the temporal and spatial variation in fertility and school enrollment in France during the 19th century. The originality of our approach is in our reliance on the structural estimation of a system of first-order conditions to identify the deep parameters. Another new dimension is our use of gendered education data, allowing us to have a richer theory having implications for the gender wage and education gaps. Results indicate that the parsimonious rational-choice model explains 38 percent of the variation of fertility over time and across counties, as well as 71 percent and 83 percent of school enrollment of boys and girls, respectively. The analysis of the residuals (unexplained by the economic model) indicates that additional insights might be gained by interacting incentives with cross-county differences in family structure and cultural barriers."--Abstract.
=650  \0$aFertility, Human$zFrance$xHistory$y19th century.
=650  \0$aHuman capital$zFrance$xHistory$y19th century.
=650  \0$aDemographic transition$zFrance$xHistory$y19th century.
=650  \0$aEducation$zFrance$xHistory$y19th century.
=700  1\$aPerrin, Faustine,$eauthor.
=710  2\$aCentre for Economic Policy Research (Great Britain),$eissuing body.
=830  \0$aDiscussion paper (Centre for Economic Policy Research (Great Britain)).$pMacroeconomics and growth ;$vDP12531.
=852  41$aBritish Library$bHMNTS$jYK.2018.a.6923
=856  40$uhttp://www.cepr.org/active/publications/discussion_papers/dp.php?dpno=12531
=985  \\$aLDLSCP record - no ISBN match on import to BLL01
=985  \\$aAwaiting NETCAT record - item sent to shelf
=CAT  \\$aBATCH-LDLN$b00$c20180212$lBLL01$h2120
=CAT  \\$aBATCH-UPD$b00$c20180212$lBLL01$h2120
=CAT  \\$aBATCH-016$c20180221$lBLL01$h2234
=CAT  \\$a11405$b40$c20181126$lBLL01$h1201
=FMT  \\$a  BK
=LAS  \\$a11405$b40$c20181126$lBLL01$h1201

