=LDR  04083 am a2200589 i 4500
=001  018741812
=003  Uk
=005  20181126120219.0
=008  180117s2017\\\\enkb\\\\\b\\\\000\0\eng\c
=015  \\$aGBB833589$2bnb
=016  7\$a018741812$2Uk
=035  \\$a(WlAbNL)99845825802419
=035  \\$a(StEdALDL)1/3625342
=035  \\$a(UkOxU)021105326
=040  \\$aStEdALDL$beng$cStEdALDL$dWlAbNL$erda
=042  \\$aukscp
=100  1\$aAcemoglu, Daron,$eauthor.
=245  10$aWeak states :$bcauses and consequences of the Sicilian Mafia /$cDaron Acemoglu, Giacomo De Luca and Giuseppe De Feo.
=264  \1$aLondon :$bCentre for Economic Policy Research,$c21 December 2017.
=300  \\$a62 pages :$bmaps (black and white) ;$c21 cm.
=336  \\$atext$btxt$2rdacontent
=336  \\$astill image$bsti$2rdacontent
=336  \\$acartographic image$bcri$2rdacontent
=337  \\$aunmediated$bn$2rdamedia
=338  \\$avolume$bnc$2rdacarrier
=490  1\$aDiscussion paper series,$x0265-8003$aDevelopment economics$aEconomic history ;$vDP12530
=500  \\$a"Submitted 21 December 2017"--Title page.
=504  \\$aIncludes bibliographical references (pages 31-36).
=520  \\$a"We document that the spread of the Mafia in Sicily at the end of the 19th century was in part shaped by the rise of socialist Peasant Fasci organizations. In an environment with weak state presence, this socialist threat triggered landholders, estate managers and local politicians to turn to the Mafia to resist and combat peasant demands. We show that the location of the Peasant Fasci is significantly affected by an exceptionally severe drought in 1893, and using information on rainfall, we establish the causal effect of the Peasant Fasci on the location of the Mafia in 1900. We provide extensive evidence that rainfall before and after this critical period has no effect on the spread of the Mafia or various economic and political outcomes. In the second part of the paper, we use the source of variation in the location of the Mafia in 1900 to estimate its medium-term and long-term effects. We find significant and quantitatively large negative impacts of the Mafia on literacy and various public goods in the 1910s and 20s. We also show a sizable impact of the Mafia on political competition, which could be one of the channels via which it affected local economic outcomes. We document negative effects of the Mafia on longer-term outcomes (in the 1960s, 70s and 80s) as well, but these are in general weaker and often only marginally significant. One exception is its persistent and strong impact on political competition."--Abstract.
=650  \0$aMafia$xEconomic aspects$zItaly$zSicily$xHistory.
=650  \0$aMafia$xPolitical aspects$zItaly$zSicily$xHistory.
=650  \0$aOrganized crime$xEconomic aspects$zItaly$zSicily$xHistory.
=650  \0$aOrganized crime$xPolitical aspects$zItaly$zSicily$xHistory.
=650  \0$aState, The$xEconomic aspects.
=650  \0$aEconomic development$zItaly$zSicily$xHistory.
=650  \0$aSocial control$xEconomic aspects$zItaly$zSicily$xHistory.
=651  \0$aSicily (Italy)$xEconomic conditions$xHistory.
=700  1\$aDe Feo, Giuseppe,$d1970-$eauthor.
=700  1\$aDe Luca, Giacomo,$eauthor.
=710  2\$aCentre for Economic Policy Research (Great Britain),$eissuing body.
=830  \0$aDiscussion paper (Centre for Economic Policy Research (Great Britain)).$pDevelopment economics ;$vDP12530.
=830  \0$aDiscussion paper (Centre for Economic Policy Research (Great Britain)).$pEconomic history ;$vDP12530.
=852  41$aBritish Library$bHMNTS$jYK.2018.a.6924
=856  40$uhttp://www.cepr.org/active/publications/discussion_papers/dp.php?dpno=12530
=985  \\$aLDLSCP record - no ISBN match on import to BLL01
=985  \\$aAwaiting NetCat DDC
=CAT  \\$aBATCH-LDLN$b00$c20180212$lBLL01$h2120
=CAT  \\$aBATCH-UPD$b00$c20180212$lBLL01$h2120
=CAT  \\$aBATCH-016$c20180221$lBLL01$h2234
=CAT  \\$a11405$b40$c20181126$lBLL01$h1202
=FMT  \\$a  BK
=LAS  \\$a11405$b40$c20181126$lBLL01$h1202

