=LDR  03833 am a2200481 i 4500
=001  018755397
=003  Uk
=005  20181122140653.0
=008  180117s2017\\\\enkb\\\\\b\\\\000\0\eng\c
=015  \\$aGBB836137$2bnb
=016  7\$a018755397$2Uk
=020  \\$cNo price$qpaperback
=035  \\$a(WlAbNL)99845829402419
=035  \\$a(StEdALDL)1/3625352
=035  \\$a(UkOxU)021105336
=040  \\$aStEdALDL$beng$cStEdALDL$dUkOxU$dWlAbNL$erda
=042  \\$aukscp
=100  1\$aBell, Alexander M.,$eauthor.
=245  10$aWho becomes an inventor in America? :$bThe importance of exposure to innovation /$cAlex Bell [and four others].
=264  \1$aLondon :$bCentre for Economic Policy Research,$c25 December 2017.
=300  \\$a1 volume (various pagings) :$bmaps (black and white) ;$c21 cm.
=336  \\$atext$btxt$2rdacontent
=336  \\$acartographic image$bcri$2rdacontent
=337  \\$aunmediated$bn$2rdamedia
=338  \\$avolume$bnc$2rdacarrier
=490  1\$aDiscussion paper series,$x0265-8003$aLabour economics ;$vDP12544
=500  \\$a"Submitted 25 December 2017"--Title page.
=504  \\$aIncludes bibliographical references (pages 44-47).
=520  \\$a"We characterize the factors that determine who becomes an inventor in America by using de-identified data on 1.2 million inventors from patent records linked to tax records. We establish three sets of results. First, children from high-income (top 1%) families are ten times as likely to become inventors as those from below-median income families. There are similarly large gaps by race and gender. Differences in innate ability, as measured by test scores in early childhood, explain relatively little of these gaps. Second, exposure to innovation during childhood has significant causal effects on children's propensities to become inventors. Growing up in a neighborhood or family with a high innovation rate in a specific technology class leads to a higher probability of patenting in exactly the same technology class. These exposure effects are gender-specific: girls are more likely to become inventors in a particular technology class if they grow up in an area with more female inventors in that technology class. Third, the financial returns to inventions are extremely skewed and highly correlated with their scientific impact, as measured by citations. Consistent with the importance of exposure effects and contrary to standard models of career selection, women and disadvantaged youth are as under-represented among high-impact inventors as they are among inventors as a whole. We develop a simple model of inventors' careers that matches these empirical results. The model implies that increasing exposure to innovation in childhood may have larger impacts on innovation than increasing the financial incentives to innovate, for instance by reducing tax rates. In particular, there are many "lost Einsteins" - individuals who would have had highly impactful inventions had they been exposed to innovation."--Abstract.
=650  \0$aInventors$zUnited States.
=650  \0$aTechnological innovations$xSocial aspects$zUnited States.
=710  2\$aCentre for Economic Policy Research (Great Britain),$eissuing body.
=830  \0$aDiscussion paper (Centre for Economic Policy Research (Great Britain)).$pLabour economics ;$vDP12544.
=852  41$aBritish Library$bHMNTS$jYK.2018.a.6784
=856  40$uhttp://www.cepr.org/active/publications/discussion_papers/dp.php?dpno=12544
=985  \\$aAwaiting NetCat DDC
=985  \\$aLDLSCP record - no ISBN match on import to BLL01
=CAT  \\$aBATCH-LDLN$b00$c20180219$lBLL01$h2133
=CAT  \\$aBATCH-UPD$b00$c20180219$lBLL01$h2133
=CAT  \\$aBATCH-016$c20180221$lBLL01$h2235
=CAT  \\$a10999$b40$c20181122$lBLL01$h1406
=FMT  \\$a  BK
=LAS  \\$a10999$b40$c20181122$lBLL01$h1406

