=LDR  03335cam a2200517 i 4500
=001  018755398
=003  Uk
=005  20181128120127.0
=008  180117s2017\\\\enka\\\\\b\\\\000\0\eng\c
=015  \\$aGBB836138$2bnb
=016  7\$a018755398$2Uk
=020  \\$cNo price$qpaperback
=035  \\$a(WlAbNL)99845830002419
=035  \\$a(StEdALDL)1/3625361
=035  \\$a(UkOxU)021105345
=040  \\$aStEdALDL$beng$cStEdALDL$dUkOxU$dWlAbNL$erda
=042  \\$aukscp
=100  1\$aAntràs, Pol,$d1975-$eauthor.
=245  10$aOn the measurement of upstreamness and downstreamness in global value chains /$cPol Antras and Davin Chor.
=264  \1$aLondon :$bCentre for Economic Policy Research,$c30 December 2017.
=300  \\$a49 pages :$billustrations (black and white) ;$c21 cm.
=336  \\$atext$btxt$2rdacontent
=336  \\$astill image$bsti$2rdacontent
=337  \\$aunmediated$bn$2rdamedia
=338  \\$avolume$bnc$2rdacarrier
=490  1\$aDiscussion paper series,$x0265-8003$aInternational trade and regional economics ;$vDP12549
=500  \\$a"Submitted 30 December 2017"--Title page.
=504  \\$aIncludes bibliographical references (pages 45-47).
=520  \\$a"This paper offers four contributions to the empirical literature on global value chains (GVCs). First, we provide a succinct overview of several measures developed to capture the upstreamness or downstreamness of industries and countries in GVCs. Second, we employ data from the World Input-Output Database (WIOD) to document the empirical evolution of these measures over the period 1995-2011; in doing so, we highlight salient patterns related to countries' GVC positioning -- as well as some puzzling correlations -- that emerge from the data. Third, we develop a theoretical framework -- which builds on Caliendo and Parro's (2015) variant of the Eaton and Kortum (2002) model -- that provides a structural interpretation of all the entries of the WIOD in a given year. Fourth, we resort to a calibrated version of the model to perform counterfactual exercises that: (i) sharpen our understanding of the independent effect of several factors in explaining the observed empirical patterns in the period 1995-2011; and (ii) provide guidance for how future changes in the world economy are likely to shape the positioning of countries in GVCs."--Abstract.
=650  \0$aInput-output analysis$xEconometric models.
=650  \0$aGlobalization$xEconometric models.
=650  \0$aInternational trade$xEconometric models.
=700  1\$aChor, Davin,$eauthor.
=710  2\$aCentre for Economic Policy Research (Great Britain),$eissuing body.
=830  \0$aDiscussion paper (Centre for Economic Policy Research (Great Britain)).$pInternational trade and regional economics ;$vDP12549.
=852  41$aBritish Library$bHMNTS$jYK.2018.a.7026
=856  \\$uhttp://www.cepr.org/active/publications/discussion_papers/dp.php?dpno=12549
=985  \\$aAwaiting NetCat DDC
=985  \\$aLDLSCP record - no ISBN match on import to BLL01
=CAT  \\$aBATCH-LDLN$b00$c20180219$lBLL01$h2133
=CAT  \\$aBATCH-UPD$b00$c20180219$lBLL01$h2133
=CAT  \\$aBATCH-016$c20180221$lBLL01$h2235
=CAT  \\$a10999$b40$c20181128$lBLL01$h1201
=CAT  \\$aBATCH-UPD$b40$c20230714$lBLL01$h2323
=FMT  \\$a  BK
=LAS  \\$aBATCH-UPD$b40$c20230714$lBLL01$h2323

