=LDR  03018 am a2200517 i 4500
=001  018755399
=003  Uk
=005  20181128120744.0
=008  180117s2018\\\\enka\\\\\b\\\\000\0\eng\c
=015  \\$aGBB836139$2bnb
=016  7\$a018755399$2Uk
=020  \\$cNo price$qpaperback
=035  \\$a(WlAbNL)99845830202419
=035  \\$a(StEdALDL)1/3625363
=035  \\$a(UkOxU)021105347
=040  \\$aStEdALDL$beng$cStEdALDL$dWlAbNL$erda
=042  \\$aukscp
=100  1\$aMäättänen, Niku,$eauthor.
=245  10$aWelfare effects of housing transaction taxes /$cNiku Määttänen and Marko Terviö.
=264  \1$aLondon :$bCentre for Economic Policy Research,$c01 January 2018.
=300  \\$a31 pages :$billustrations (black and white) ;$c21 cm.
=336  \\$atext$btxt$2rdacontent
=336  \\$astill image$bsti$2rdacontent
=337  \\$aunmediated$bn$2rdamedia
=338  \\$avolume$bnc$2rdacarrier
=490  1\$aDiscussion paper series,$x0265-8003$aPublic economics ;$vDP12551
=500  \\$a"Submitted 01 January 2018"--Title page.
=504  \\$aIncludes bibliographical references (pages 26-27).
=520  \\$a"We evaluate the welfare cost of ad valorem housing transaction taxes, focusing on distortions in the suboptimal matching of houses and households as the channel of welfare effects. We present a one-sided assignment model with transaction costs and imperfectly transferable utility where households are heterogeneous by incomes, houses are heterogeneous by quality, and housing is a normal good. We calibrate the model with data from the Helsinki metropolitan region to assess the welfare impact of a counterfactual tax reform, where the transaction tax is replaced by a revenue equivalent ad valorem property tax. The aggregate welfare gain would be 13% of the tax revenue at the current 2% tax rate. The share of ex post losers from the reform is increasing in the tax rate even though the aggregate welfare cost of transaction taxation increases rapidly with the tax rate, with the Laffer curve peaking at about 10%."--Abstract.
=650  \0$aReal property tax$xEconometric models.
=650  \0$aStamp duties$xEconometric models.
=650  \0$aHousing$xPrices$xEconometric models.
=700  1\$aTerviö, Marko,$eauthor.
=710  2\$aCentre for Economic Policy Research (Great Britain),$eissuing body.
=830  \0$aDiscussion paper (Centre for Economic Policy Research (Great Britain)).$pPublic economics ;$vDP12551.
=852  41$aBritish Library$bHMNTS$jYK.2018.a.7027
=856  40$uhttp://www.cepr.org/active/publications/discussion_papers/dp.php?dpno=12551
=985  \\$aAwaiting NetCat DDC
=985  \\$aLDLSCP record - no ISBN match on import to BLL01
=CAT  \\$aBATCH-LDLN$b00$c20180219$lBLL01$h2133
=CAT  \\$aBATCH-UPD$b00$c20180219$lBLL01$h2133
=CAT  \\$aBATCH-016$c20180221$lBLL01$h2235
=CAT  \\$a10999$b40$c20181128$lBLL01$h1203
=CAT  \\$a10999$b40$c20181128$lBLL01$h1207
=FMT  \\$a  BK
=LAS  \\$a10999$b40$c20181128$lBLL01$h1207

