=LDR  02899 am a2200493 i 4500
=001  018755400
=003  Uk
=005  20181126101619.0
=008  180117s2017\\\\enka\\\\\b\\\\000\0\eng\c
=015  \\$aGBB836140$2bnb
=016  7\$a018755400$2Uk
=020  \\$cNo price$qpaperback
=035  \\$a(WlAbNL)99845830402419
=035  \\$a(StEdALDL)1/3625364
=035  \\$a(UkOxU)021105348
=040  \\$aStEdALDL$beng$cStEdALDL$dWlAbNL$erda
=042  \\$aukscp
=100  10$aRepullo, Rafael,$eauthor.
=245  10$aHierarchical bank supervision /$cRafael Repullo.
=264  \1$aLondon :$bCentre for Economic Policy Research,$c01 December 2017.
=300  \\$a34 pages :$billustrations (black and white) ;$c21 cm.
=336  \\$atext$btxt$2rdacontent
=336  \\$astill image$bsti$2rdacontent
=337  \\$aunmediated$bn$2rdamedia
=338  \\$avolume$bnc$2rdacarrier
=490  1\$aDiscussion paper series,$x0265-8003$aFinancial economics ;$vDP12475
=500  \\$a"Submitted 01 December 2017"--Title page.
=504  \\$aIncludes bibliographical references (pages 33-34).
=520  \\$a"This paper presents a model in which a central and a local supervisor contribute their efforts to obtain information on the solvency of a local bank, which is then used by the central supervisor to decide on its early liquidation. This hierarchical model is contrasted with the alternatives of decentralized and centralized supervision, where only the local or the central supervisor collects information and decides on liquidation. The local supervisor has a higher bias against liquidation (supervisory capture) and a lower cost of getting local information (proximity). Hierarchical supervision is the optimal institutional design when the bias of the local supervisor is high but not too high and the costs of getting local information from the center are low but not too low. With low (high) bias and high (low) cost it is better to concentrate all responsibilities in the local (central) supervisor."--Abstract.
=650  \0$aBanks and banking$xState supervision$xEconometric models.
=650  \0$aBank examination$xEconometric models.
=650  \0$aBank management$xEconometric models.
=710  2\$aCentre for Economic Policy Research (Great Britain),$eissuing body.
=830  \0$aDiscussion paper (Centre for Economic Policy Research (Great Britain)).$pFinancial economics ;$vDP12475.
=852  41$aBritish Library$bHMNTS$jYK.2018.a.6901
=856  40$uhttp://www.cepr.org/active/publications/discussion_papers/dp.php?dpno=12475
=985  \\$aLDLSCP record - no ISBN match on import to BLL01
=985  \\$aAwaiting NetCat DDC
=CAT  \\$aBATCH-LDLN$b00$c20180219$lBLL01$h2133
=CAT  \\$aBATCH-UPD$b00$c20180219$lBLL01$h2133
=CAT  \\$aBATCH-016$c20180221$lBLL01$h2235
=CAT  \\$a11405$b40$c20181126$lBLL01$h1016
=FMT  \\$a  BK
=LAS  \\$a11405$b40$c20181126$lBLL01$h1016

