=LDR  03034 am a2200553 i 4500
=001  018765497
=003  Uk
=005  20181129075335.0
=008  180117s2017\\\\enk\\\\\\b\\\\000\0\eng\c
=015  \\$aGBB838785$2bnb
=016  7\$a018765497$2Uk
=020  \\$cNo price$qpaperback
=035  \\$a(WlAbNL)99845829702419
=035  \\$a(StEdALDL)1/3625310
=035  \\$a(UkOxU)021105295
=040  \\$aStEdALDL$beng$cStEdALDL$dWlAbNL$erda
=042  \\$aukscp
=100  1\$aCherchye, Laurens,$eauthor.
=245  12$aA new year, a new you? :$bHeterogeneity and self-control in food purchases /$cLaurens Cherchye, Bram De Rock, Rachel Griffith, Martin O'Connell, Kate Smith and Frederic Vermeulen.
=264  \1$aLondon :$bCentre for Economic Policy Research,$c13 December 2017.
=300  \\$a37, 23 pages ;$c21 cm.
=336  \\$atext$btxt$2rdacontent
=337  \\$aunmediated$bn$2rdamedia
=338  \\$avolume$bnc$2rdacarrier
=490  1\$aDiscussion paper series,$x0265-8003$aIndustrial organization ;$vDP12499
=500  \\$a"Submitted 13 December 2017"--Title page.
=504  \\$aIncludes bibliographical references (pages 34-37).
=520  \\$a"We document considerable within-person (over time) variation in diet quality that is not fully explained by responses to fluctuations in the economic environment. We propose a two-selves model that provides a structural interpretation to this variation, in which food choices are a compromise between a healthy and an unhealthy self, each with well-behaved preferences. We show that the data are consistent with this model using revealed preference methods. The extent of self-control problems is higher among younger and lower income consumers, though this is overstated if we do not control for responses to fluctuations in the economic environment. Our results are intuitively related to stated attitudes on self-control."--Abstract.
=650  \0$aConsumer behavior$xEconometric models.
=650  \0$aSelf-control$xEconometric models.
=650  \0$aDecision making$xEconometric models.
=700  1\$aRock, Bram De,$eauthor.
=700  1\$aGriffith, Rachel,$eauthor.
=700  1\$aO'Connell, Martin,$d1985-$eauthor.
=700  1\$aSmith, Kate,$d1990-$eauthor.
=700  1\$aVermeulen, Frederic,$eauthor.
=710  2\$aCentre for Economic Policy Research (Great Britain),$eissuing body.
=830  \0$aDiscussion paper (Centre for Economic Policy Research (Great Britain)).$pIndustrial organization ;$vDP12499.
=852  41$aBritish Library$bHMNTS$jYK.2018.a.7081
=856  40$uhttp://www.cepr.org/active/publications/discussion_papers/dp.php?dpno=12499
=985  \\$aAwaiting NetCat DDC
=985  \\$aLDLSCP record - no ISBN match on import to BLL01
=CAT  \\$aBATCH-LDLN$b00$c20180226$lBLL01$h2109
=CAT  \\$aBATCH-UPD$b00$c20180226$lBLL01$h2109
=CAT  \\$aBATCH-016$c20180926$lBLL01$h2153
=CAT  \\$a10999$b40$c20181129$lBLL01$h0736
=CAT  \\$a10999$b40$c20181129$lBLL01$h0753
=FMT  \\$a  BK
=LAS  \\$a10999$b40$c20181129$lBLL01$h0753

