=LDR  02745 am a2200493 i 4500
=001  018765498
=003  Uk
=005  20200107141057.0
=008  180117s2017\\\\enk\\\\\\b\\\\000\0\eng\c
=015  \\$aGBB838786$2bnb
=016  7\$a018765498$2Uk
=020  \\$cNo price$qpaperback
=035  \\$a(WlAbNL)99845829802419
=035  \\$a(StEdALDL)1/3625358
=035  \\$a(UkOxU)021105342
=040  \\$aStEdALDL$beng$cStEdALDL$dWlAbNL$erda
=042  \\$aukscp
=100  10$aJehiel, Philippe,$eauthor.
=245  10$aOn second thoughts, selective memory, and resulting behavioral biases /$cPhilippe Jehiel and Jakub Steiner.
=264  \1$aLondon :$bCentre for Economic Policy Research,$c27 December 2017.
=300  \\$a39 pages ;$c21 cm.
=336  \\$atext$btxt$2rdacontent
=337  \\$aunmediated$bn$2rdamedia
=338  \\$avolume$bnc$2rdacarrier
=490  1\$aDiscussion paper series,$x0265-8003$aIndustrial organization ;$vDP12546
=500  \\$a"Submitted 27 December 2017"--Title page.
=504  \\$aIncludes bibliographical references (pages 36-39).
=520  \\$a"A proposed model of information processing generates a prediction about the constrained-optimal stochastic choice that is robust to details of the feasible information structures. A decision-maker processes payoff-relevant information until she reaches her cognitive constraint, at which point she either terminates the decision-making and chooses an action, or restarts the process. By conditioning the probability of termination on the information collected, she controls the correlation between the payoff state and her terminal action. The constrained-optimal choice rule exhibits (i) confirmation bias, (ii) speed-accuracy complementarity, (iii) overweighting of rare events, and (iv) salience effect."--Abstract.
=650  \0$aDecision making$xEconometric models.
=650  \0$aRational expectations (Economic theory)$xEconometric models.
=650  \0$aEconomics$xPsychological aspects$xEconometric models.
=700  1\$aSteiner, Jakub,$eauthor.
=710  2\$aCentre for Economic Policy Research (Great Britain),$eissuing body.
=830  \0$aDiscussion paper (Centre for Economic Policy Research (Great Britain)).$pIndustrial organization ;$vDP12546.
=852  41$aBritish Library$bHMNTS$jYK.2020.a.120
=856  40$uhttp://www.cepr.org/active/publications/discussion_papers/dp.php?dpno=12546
=985  \\$aAwaiting NetCat DDC
=985  \\$aLDLSCP record - no ISBN match on import to BLL01
=CAT  \\$aBATCH-LDLN$b00$c20180226$lBLL01$h2109
=CAT  \\$aBATCH-UPD$b00$c20180226$lBLL01$h2109
=CAT  \\$aBATCH-016$c20180919$lBLL01$h2154
=CAT  \\$a5004$b40$c20200107$lBLL01$h1410
=FMT  \\$a  BK
=LAS  \\$a5004$b40$c20200107$lBLL01$h1410

