=LDR  02804 am a2200517 i 4500
=001  018765499
=003  Uk
=005  20181128144018.0
=008  180117s2017\\\\enka\\\\\b\\\\000\0\eng\c
=015  \\$aGBB838787$2bnb
=016  7\$a018765499$2Uk
=020  \\$cNo price$qpaperback
=035  \\$a(WlAbNL)99845830802419
=035  \\$a(StEdALDL)1/3625382
=035  \\$a(UkOxU)021105357
=040  \\$aStEdALDL$beng$cStEdALDL$dWlAbNL$erda
=042  \\$aukscp
=100  1\$aDubois, Pierre,$d1970-$eauthor.
=245  10$aHow well targeted are soda taxes? /$cPierre Dubois, Rachel Griffith and Martin O'Connell.
=264  \1$aLondon :$bCentre for Economic Policy Research,$c04 December 2017.
=300  \\$a41, 12 pages :$billustrations (black and white) ;$c21 cm.
=336  \\$atext$btxt$2rdacontent
=336  \\$astill image$bsti$2rdacontent
=337  \\$aunmediated$bn$2rdamedia
=338  \\$avolume$bnc$2rdacarrier
=490  1\$aDiscussion paper series,$x0265-8003$aIndustrial organization ;$vDP12484
=500  \\$a"Submitted 04 December 2017"--Title page.
=504  \\$aIncludes bibliographical references (pages 37-41).
=520  \\$a"Soda taxes aim to reduce excessive sugar consumption. Their effectiveness depends on whether they target individuals for whom the harm of consumption is largest. We estimate demand and account for supply-side equilibrium pass-through. We exploit longitudinal data to estimate individual preferences, which allows flexible heterogeneity that we relate to a wide array of individual characteristics. We show that soda taxes are effective at targeting young consumers but not individuals with high total dietary sugar; they impose the highest monetary cost on poorer individuals, but are unlikely to be strongly regressive if we account for averted future costs from over consumption."--Abstract.
=650  \0$aSoft drinks$xTaxation.
=650  \0$aConsumption (Economics)$xMathematical models.
=650  \0$aConsumer behavior$xMathematical models.
=700  1\$aGriffith, Rachel,$eauthor.
=700  1\$aO'Connell, Martin,$d1985-$eauthor.
=710  2\$aCentre for Economic Policy Research (Great Britain),$eissuing body.
=830  \0$aDiscussion paper (Centre for Economic Policy Research (Great Britain)).$pIndustrial organization ;$vDP12484.
=852  41$aBritish Library$bHMNTS$jYK.2018.a.7072
=856  40$uhttp://www.cepr.org/active/publications/discussion_papers/dp.php?dpno=12484
=985  \\$aAwaiting NetCat DDC
=985  \\$aLDLSCP record - no ISBN match on import to BLL01
=CAT  \\$aBATCH-LDLN$b00$c20180226$lBLL01$h2109
=CAT  \\$aBATCH-UPD$b00$c20180226$lBLL01$h2109
=CAT  \\$aBATCH-016$c20180919$lBLL01$h2154
=CAT  \\$a10999$b40$c20181128$lBLL01$h1440
=FMT  \\$a  BK
=LAS  \\$a10999$b40$c20181128$lBLL01$h1440

