=LDR  03494 am a2200541 i 4500
=001  018781682
=003  Uk
=005  20181128143909.0
=008  180117s2017\\\\enk\\\\\\b\\\\000\0\eng\c
=015  \\$aGBB844635$2bnb
=016  7\$a018781682$2Uk
=020  \\$cNo price$qpaperback
=035  \\$a(WlAbNL)99845821702419
=035  \\$a(StEdALDL)1/3625380
=035  \\$a(UkOxU)021105356
=040  \\$aStEdALDL$beng$cStEdALDL$dWlAbNL$erda
=042  \\$aukscp
=100  1\$aGentry, Matthew Loren,$eauthor.
=245  10$aOn monotone strategy equilibria in simultaneous auctions for complementary goods /$cMatthew Gentry, Tatiana Komarova, Pasquale Schiraldi and Wiroy Shin.
=264  \1$aLondon :$bCentre for Economic Policy Research,$c04 December 2017.
=300  \\$a63 pages ;$c21 cm.
=336  \\$atext$btxt$2rdacontent
=336  \\$astill image$bsti$2rdacontent
=337  \\$aunmediated$bn$2rdamedia
=338  \\$avolume$bnc$2rdacarrier
=490  1\$aDiscussion paper series,$x0265-8003$aIndustrial organization ;$vDP12483
=500  \\$a"Submitted 04 December 2017"--Title page.
=504  \\$aIncludes bibliographical references (pages 37-42).
=520  \\$a"We explore existence and properties of equilibrium when N>1 bidders compete for L>1 objects via simultaneous but separate auctions. Bidders have private combinatorial valuations over all sets of objects they could win, and objects are complements in the sense that these valuations are supermodular in the set of objects won. We provide a novel partial order on types under which best replies are monotone, and demonstrate that Bayesian Nash equilibria which are monotone with respect to this partial order exist on any finite bid lattice. We apply this result to show existence of monotone Bayesian Nash equilibria in continuous bid spaces when a single global bidder competes for L objects against many local bidders who bid for single objects only, highlighting the step in this extension which fails with multiple global bidders. We therefore instead consider an alternative equilibrium with endogenous tie-breaking building on Jackson, Simon, Swinkels and Zame (2002), and demonstrate that this exists in general. Finally, we explore efficiency in simultaneous auctions with symmetric bidders, establishing novel sufficient conditions under which inefficiency in expectation approaches zero as the number of bidders increases."--Abstract and publishers website.
=650  \0$aIndustrial organization (Economic theory)
=650  \0$aAuctions$xEconomic aspects.
=650  \0$aEquilibrium (Economics)
=650  \0$aInformation theory in economics.
=700  1\$aKomarova, Tatiana$c(Lecturer in economics),$eauthor.
=700  1\$aSchiraldi, Pasquale,$eauthor.
=700  1\$aShin, Wiroy,$eauthor.
=710  2\$aCentre for Economic Policy Research (Great Britain),$eissuing body.
=830  \0$aDiscussion paper (Centre for Economic Policy Research (Great Britain)).$pIndustrial organization ;$vDP12483.
=852  41$aBritish Library$bHMNTS$jYK.2018.a.7071
=856  40$uhttp://www.cepr.org/active/publications/discussion_papers/dp.php?dpno=12483
=985  \\$aAwaiting NetCat DDC
=985  \\$aLDLSCP record - no ISBN match on import to BLL01
=CAT  \\$aBATCH-LDLN$b00$c20180305$lBLL01$h2053
=CAT  \\$aBATCH-UPD$b00$c20180305$lBLL01$h2054
=CAT  \\$aBATCH-016$c20180919$lBLL01$h2154
=CAT  \\$a10999$b40$c20181128$lBLL01$h1439
=FMT  \\$a  BK
=LAS  \\$a10999$b40$c20181128$lBLL01$h1439

