=LDR  02825 am a2200529 i 4500
=001  018794574
=003  Uk
=005  20181126101816.0
=008  180105s2017\\\\enka\\\\\b\\\\000\0\eng\c
=015  \\$aGBB851742$2bnb
=016  7\$a018794574$2Uk
=020  \\$cNo price$qpaperback
=035  \\$a(WlAbNL)99821421502419
=035  \\$a(StEdALDL)1/3620906
=035  \\$a(UkOxU)021083406
=040  \\$aStEdALDL$beng$cStEdALDL$dWlAbNL$erda
=042  \\$aukscp
=100  1\$aIgan, Deniz,$eauthor.
=245  10$aWinning connections? :$bSpecial interests and the sale of failed banks /$cDeniz Igan, Thomas Lambert, Wolf Wagner and Quxian Zhang.
=264  \1$aLondon :$bCentre for Economic Policy Research,$c15 November 2017.
=300  \\$a54 pages :$billustrations (black and white) ;$c22 cm.
=336  \\$atext$btxt$2rdacontent
=336  \\$astill image$bsti$2rdacontent
=337  \\$aunmediated$bn$2rdamedia
=338  \\$avolume$bnc$2rdacarrier
=490  1\$aDiscussion paper series,$x0265-8003$aFinancial economics ;$vDP12440
=500  \\$a"Submitted 15 November 2017"--Title page.
=504  \\$aIncludes bibliographical references (pages 29-34).
=520  \\$a"We study how lobbying affects the resolution of failed banks, using a sample of FDIC auctions between 2007 and 2014. We show that bidding banks that lobby regulators have a higher probability of winning an auction. In addition, the FDIC incurs higher costs in such auctions, amounting to 16.4 percent of the total resolution losses. We also find that lobbying winners have worse operating and stock market performance than their non-lobbying counterparts, suggesting that lobbying results in a less efficient allocation of failed banks. Our results provide new insights into the bank resolution process and the role of special interests."--Abstract.
=650  \0$aBank failures.
=650  \0$aBanks and banking$xState supervision.
=650  \0$aLobbying$xEconomic aspects.
=700  1\$aLambert, Thomas$c(Assistant Professor of finance),$eauthor.
=700  1\$aWagner, Wolf,$d1974-$eauthor.
=700  1\$aZhang, Eden Quxian,$eauthor.
=710  2\$aCentre for Economic Policy Research (Great Britain),$eissuing body.
=830  \0$aDiscussion paper (Centre for Economic Policy Research (Great Britain)).$pFinancial economics ;$vDP12440.
=852  41$aBritish Library$bHMNTS$jYK.2018.a.6903
=856  40$uhttp://www.cepr.org/active/publications/discussion_papers/dp.php?dpno=12440
=985  \\$aLDLSCP record - no ISBN match on import to BLL01
=985  \\$aAwaiting NetCat DDC
=CAT  \\$aBATCH-LDLN$b00$c20180312$lBLL01$h2105
=CAT  \\$aBATCH-UPD$b00$c20180312$lBLL01$h2105
=CAT  \\$aBATCH-016$c20180926$lBLL01$h2153
=CAT  \\$a11405$b40$c20181126$lBLL01$h1018
=FMT  \\$a  BK
=LAS  \\$a11405$b40$c20181126$lBLL01$h1018

