=LDR  03068 am a2200541 i 4500
=001  018794576
=003  Uk
=005  20181127154440.0
=008  180117s2017\\\\enkb\\\\\b\\\\000\0\eng\c
=015  \\$aGBB851744$2bnb
=016  7\$a018794576$2Uk
=020  \\$cNo price$qpaperback
=035  \\$a(WlAbNL)99845822502419
=035  \\$a(StEdALDL)1/3625329
=035  \\$a(UkOxU)021105313
=040  \\$aStEdALDL$beng$cStEdALDL$dWlAbNL$erda
=042  \\$aukscp
=100  1\$aFeger, Fabian,$eauthor.
=245  10$aWelfare and redistribution in residential electricity markets with solar power /$cFabian Feger, Nicola Pavanini and Doina Radulescu.
=264  \1$aLondon :$bCentre for Economic Policy Research,$c18 December 2017.
=300  \\$a50 pages :$bmaps (black and white) ;$c21 cm.
=336  \\$atext$btxt$2rdacontent
=336  \\$astill image$bsti$2rdacontent
=337  \\$aunmediated$bn$2rdamedia
=338  \\$avolume$bnc$2rdacarrier
=490  1\$aDiscussion paper series,$x0265-8003$aIndustrial organization$aPublic economics ;$vDP12517
=500  \\$a"Submitted 18 December 2017"--Title page.
=504  \\$aIncludes bibliographical references (pages 38-40).
=520  \\$a"An increasing number of households installing solar panels raises two challenges for regulators: network financing and vertical equity. We propose an optimal tariff design for policymakers to incentivise solar panel adoptions, while guaranteeing the sustainability and equitable distribution of network costs. We estimate structural models of energy demand and solar panel adoption, using a unique matched dataset on energy consumption, income, wealth, solar panel installations, and building characteristics for 135,000 households in the Canton of Bern (Switzerland) in 2008-2013. Our counterfactuals recommend the optimal solar panel installation cost subsidies and optimal tariffs to achieve various solar energy targets."--Abstract.
=650  \0$aPhotovoltaic power systems$zSwitzerland$xCosts.
=650  \0$aElectric utilities$xRates$zSwitzerland.
=650  \0$aIncome distribution$zSwitzerland.
=650  \0$aSolar energy$zSwitzerland$xCosts.
=700  1\$aPavanini, Nicola,$eauthor.
=700  1\$aRadulescu, Doina Maria,$eauthor.
=710  2\$aCentre for Economic Policy Research (Great Britain),$eissuing body.
=830  \0$aDiscussion paper (Centre for Economic Policy Research (Great Britain)).$pIndustrial organization ;$vDP12517.
=830  \0$aDiscussion paper (Centre for Economic Policy Research (Great Britain)).$pPublic economics ;$vDP12517.
=852  41$aBritish Library$bHMNTS$jYKL.2018.a.22589
=856  40$uhttp://www.cepr.org/active/publications/discussion_papers/dp.php?dpno=12517
=985  \\$aAwaiting NetCat DDC
=985  \\$aLDLSCP record - no ISBN match on import to BLL01
=CAT  \\$aBATCH-LDLN$b00$c20180312$lBLL01$h2105
=CAT  \\$aBATCH-UPD$b00$c20180312$lBLL01$h2105
=CAT  \\$aBATCH-016$c20180912$lBLL01$h2155
=CAT  \\$a11056$b40$c20181127$lBLL01$h1544
=FMT  \\$a  BK
=LAS  \\$a11056$b40$c20181127$lBLL01$h1544

