=LDR  02943 am a2200553 i 4500
=001  018794577
=003  Uk
=005  20181129072932.0
=008  180117s2017\\\\enk\\\\\\b\\\\000\0\eng\c
=015  \\$aGBB851745$2bnb
=016  7\$a018794577$2Uk
=020  \\$cNo price$qpaperback
=035  \\$a(WlAbNL)99845829302419
=035  \\$a(StEdALDL)1/3625322
=035  \\$a(UkOxU)021105306
=040  \\$aStEdALDL$beng$cStEdALDL$dWlAbNL$erda
=042  \\$aukscp
=100  1\$aFratzscher, Marcel,$eauthor.
=245  10$aWhen is foreign exchange intervention effective? :$bEvidence from 33 countries /$cMarcel Fratzscher, Oliver Gloede, Lukas Menkhoff, Lucio Sarno and Tobias Stoehr.
=246  3\$aWhen is foreign exchange intervention effective? :$bEvidence from thirty three countries
=264  \1$aLondon :$bCentre for Economic Policy Research,$c14 December 2017.
=300  \\$a64 pages ;$c21 cm.
=336  \\$atext$btxt$2rdacontent
=337  \\$aunmediated$bn$2rdamedia
=338  \\$avolume$bnc$2rdacarrier
=490  1\$aDiscussion paper series,$x0265-8003$aInternational macroeconomics and finance ;$vDP12510
=500  \\$a"Submitted 14 December 2017".
=504  \\$aIncludes bibliographical references (pages 25-27).
=520  \\$a"This paper examines foreign exchange intervention based on novel daily data covering 33 countries from 1995 to 2011. We find that intervention is widely used and an effective policy tool, with a success rate in excess of 80 percent under some criteria. The policy works well in terms of smoothing the path of exchange rates, and in stabilizing the exchange rate in countries with narrow band regimes. Moving the level of the exchange rate in flexible regimes requires that some conditions are met, including the use of large volumes and that intervention is made public and supported via communication."--Abstract.
=650  \0$aForeign exchange$xEconomic aspects.
=650  \0$aForeign exchange rates$xEconomic aspects.
=650  \0$aMonetary policy.
=700  1\$aGloede, Oliver,$eauthor.
=700  1\$aMenkhoff, Lukas,$eauthor.
=700  1\$aSarno, Lucio,$eauthor.
=700  1\$aStöhr, Tobias,$eauthor.
=710  2\$aCentre for Economic Policy Research (Great Britain),$eissuing body.
=830  \0$aDiscussion paper (Centre for Economic Policy Research (Great Britain)).$pInternational macroeconomics and finance ;$vDP12510.
=852  41$aBritish Library$bHMNTS$jYK.2018.a.7079
=856  40$uhttp://www.cepr.org/active/publications/discussion_papers/dp.php?dpno=12510
=985  \\$aAwaiting NetCat DDC
=985  \\$aLDLSCP record - no ISBN match on import to BLL01
=CAT  \\$aBATCH-LDLN$b00$c20180312$lBLL01$h2105
=CAT  \\$aBATCH-UPD$b00$c20180312$lBLL01$h2106
=CAT  \\$aBATCH-016$c20180919$lBLL01$h2154
=CAT  \\$a10999$b40$c20181129$lBLL01$h0727
=CAT  \\$a10999$b40$c20181129$lBLL01$h0729
=FMT  \\$a  BK
=LAS  \\$a10999$b40$c20181129$lBLL01$h0729

