=LDR  03296 am a2200505 i 4500
=001  018794578
=003  Uk
=005  20181128134502.0
=008  180117s2017\\\\enk\\\\\\b\\\\000\0\eng\c
=015  \\$aGBB851746$2bnb
=016  7\$a018794578$2Uk
=020  \\$cNo price$qpaperback
=035  \\$a(WlAbNL)99845831102419
=035  \\$a(StEdALDL)1/3625320
=035  \\$a(UkOxU)021105304
=040  \\$aStEdALDL$beng$cStEdALDL$dWlAbNL$erda
=042  \\$aukscp
=100  1\$aGaribaldi, Eugenio,$eauthor.
=245  10$aOrdering history through the timeline /$cEugenio Garibaldi and Pietro Garibaldi.
=264  \1$aLondon :$bCentre for Economic Policy Research,$c2017.
=300  \\$a18 pages ;$c21 cm.
=336  \\$atext$btxt$2rdacontent
=337  \\$aunmediated$bn$2rdamedia
=338  \\$avolume$bnc$2rdacarrier
=490  1\$aDiscussion paper series,$x0265-8003$aLabour economics$aPublic economics ;$vDP12508
=500  \\$a"Submitted 14 December 2017"--Title page.
=504  \\$aIncludes bibliographical references (page 16).
=520  \\$a"History is a key subject in most educational system in Western countries, and there is ongoing concern about the the degree of historical knowledge and historical sensibility that students obtain after their high school graduation. This paper proposes a simple linetime test for quantitatively measuring a human sense of history. The paper reports the results of the test administered to approximately 250 Italian university students. There are two empirical results. First, students have remarkable difficulties in ordering basic events over the time line, with the largest mistakes observed around the events that took place in the Middle Age. Second, the paper uncovers a statistical regularity in the test performance across gender, with female subjects featuring a statistical significant and quantitatively sizable downward score. The gender difference is surprising, since existing literature on differences in cognitive abilities across gender suggests that female subjects outperform male subjects in memory related tests. The paper shows also that the gender difference survives to a variety of sub periods, and falls by only 20 percent when we distinguish between violent and non violent events."--Abstract.
=650  \0$aTime perception$xSex differences.
=650  \0$aCognitive learning$xEconomic aspects.
=650  \0$aCognitive learning$xSex differences.
=700  1\$aGaribaldi, Pietro,$d1968-$eauthor.
=710  2\$aCentre for Economic Policy Research (Great Britain),$eissuing body.
=830  \0$aDiscussion paper (Centre for Economic Policy Research (Great Britain)).$pLabour economics ;$vDP12508.
=830  \0$aDiscussion paper (Centre for Economic Policy Research (Great Britain)).$pPublic economics ;$vDP12508.
=852  41$aBritish Library$bHMNTS$jYK.2018.a.7046
=856  40$uhttp://www.cepr.org/active/publications/discussion_papers/dp.php?dpno=12508
=985  \\$aAwaiting NetCat DDC
=985  \\$aLDLSCP record - no ISBN match on import to BLL01
=CAT  \\$aBATCH-LDLN$b00$c20180312$lBLL01$h2105
=CAT  \\$aBATCH-UPD$b00$c20180312$lBLL01$h2106
=CAT  \\$aBATCH-016$c20180912$lBLL01$h2155
=CAT  \\$a10999$b40$c20181128$lBLL01$h1345
=FMT  \\$a  BK
=LAS  \\$a10999$b40$c20181128$lBLL01$h1345

