=LDR  02561 am a2200481 i 4500
=001  018794579
=003  Uk
=005  20181126120520.0
=008  180117s2017\\\\enk\\\\\\b\\\\000\0\eng\c
=015  \\$aGBB851747$2bnb
=016  7\$a018794579$2Uk
=020  \\$cNo price$qpaperback
=035  \\$a(WlAbNL)99845831202419
=035  \\$a(StEdALDL)1/3625392
=035  \\$a(UkOxU)021105365
=040  \\$aStEdALDL$beng$cStEdALDL$dWlAbNL$erda
=042  \\$aukscp
=100  1\$aCompte, Olivier,$eauthor.
=245  10$aOn the optimal majority rule /$cOlivier Compte and Philippe Jehiel.
=264  \1$aLondon :$bCentre for Economic Policy Research,$c2017.
=300  \\$a22 pages ;$c21 cm.
=336  \\$atext$btxt$2rdacontent
=337  \\$aunmediated$bn$2rdamedia
=338  \\$avolume$bnc$2rdacarrier
=490  1\$aDiscussion paper series,$x0265-8003$aIndustrial organization ;$vDP12492
=500  \\$a"Submitted 08 December 2017"--Title page.
=504  \\$aIncludes bibliographical references (pages 19-20).
=520  \\$a"We develop a simple model that rationalizes why less stringent majority rules are preferable to unanimity in large committees. Proposals are randomly generated and the running proposal is adopted whenever it is approved by a sufficiently large share of voters. Unanimity induces excessive delays while too weak majority requirements induce the adoption of suboptimal proposals. The optimal majority rule balances these two inefficiencies: it requires the approval by a share equal to the probability (assumed to be constant across proposals) that a given member gets more than the average welfare associated with the running proposal. Various extensions are considered."--Abstract.
=650  \0$aDecision making$xEconometric models.
=650  \0$aMajorities$xEconometric models.
=700  1\$aJehiel, Philippe,$eauthor.
=710  2\$aCentre for Economic Policy Research (Great Britain),$eissuing body.
=830  \0$aDiscussion paper (Centre for Economic Policy Research (Great Britain)).$pIndustrial organization ;$vDP12492.
=852  41$aBritish Library$bHMNTS$jYK.2018.a.6927
=856  40$uhttp://www.cepr.org/active/publications/discussion_papers/dp.php?dpno=12492
=985  \\$aLDLSCP record - no ISBN match on import to BLL01
=985  \\$aAwaiting NetCat DDC
=CAT  \\$aBATCH-LDLN$b00$c20180312$lBLL01$h2105
=CAT  \\$aBATCH-UPD$b00$c20180312$lBLL01$h2106
=CAT  \\$aBATCH-016$c20180919$lBLL01$h2154
=CAT  \\$a11405$b40$c20181126$lBLL01$h1205
=FMT  \\$a  BK
=LAS  \\$a11405$b40$c20181126$lBLL01$h1205

