=LDR  03695 am a2200553 i 4500
=001  018804674
=003  Uk
=005  20181126120417.0
=008  180117s2017\\\\enk\\\\\\b\\\\000\0\eng\c
=015  \\$aGBB855949$2bnb
=016  7\$a018804674$2Uk
=020  \\$cNo price$qpaperback
=035  \\$a(WlAbNL)99845831002419
=035  \\$a(StEdALDL)1/3625312
=035  \\$a(UkOxU)021105297
=040  \\$aStEdALDL$beng$cStEdALDL$dWlAbNL$erda
=042  \\$aukscp
=100  1\$aCesa-Bianchi, Ambrogio,$eauthor.
=245  10$aInternational credit supply shocks /$cAmbrogio Cesa-Bianchi, Andrea Ferrero and Alessandro Rebucci.
=264  \1$aLondon :$bCentre for Economic Policy Research,$c13 December 2017.
=300  \\$a71 pages ;$c21 cm.
=336  \\$atext$btxt$2rdacontent
=337  \\$aunmediated$bn$2rdamedia
=338  \\$avolume$bnc$2rdacarrier
=490  1\$aDiscussion paper series,$x0265-8003$aFinancial economics$aInternational macroeconomics and finance$aMonetary economics and fluctuations ;$vDP12501
=500  \\$a"Submitted 13 December 2017"--Title page.
=504  \\$aIncludes bibliographical references (pages 42-45).
=520  \\$a"House prices and exchange rates can potentially amplify the expansionary effect of capital inflows by inflating the value of collateral. We first set up a model of collateralized borrowing in domestic and foreign currency with international financial intermediation in which a change in leverage of global intermediaries leads to an international credit supply increase. In this environment, we illustrate how house price increases and exchange rates appreciations contribute to fueling the boom by inflating the value of collateral. We then document empirically, in a Panel VAR model for 50 advanced and emerging countries estimated with quarterly data from 1985 to 2012, that an increase in the leverage of US Broker-Dealers also leads to an increase in cross-border credit flows, a house price and consumption boom, a real exchange rate appreciation and a current account deterioration consistent with the transmission in the model. Finally, we study the sensitivity of the consumption and asset price response to such a shock and show that country differences are associated with the level of the maximum loan-to-value ratio and the share of foreign currency denominated credit."-Abstract.
=650  \0$aCredit$xEconometric models.
=650  \0$aCapital movements$xEconometric models.
=650  \0$aHousing$xPrices$xEconometric models.
=650  \0$aForeign exchange rates$xEconometric models.
=650  \0$aInternational finance$xEconometric models.
=700  1\$aFerrero, Andrea,$cDr.,$eauthor.
=700  1\$aRebucci, Alessandro,$eauthor.
=710  2\$aCentre for Economic Policy Research (Great Britain),$eissuing body.
=830  \0$aDiscussion paper (Centre for Economic Policy Research (Great Britain)).$pInternational macroeconomics and finance ;$vDP12501.
=830  \0$aDiscussion paper (Centre for Economic Policy Research (Great Britain)).$pFinancial economics ;$vDP12501.
=830  \0$aDiscussion paper (Centre for Economic Policy Research (Great Britain)).$pMonetary economics and fluctuations ;$vDP12501.
=852  41$aBritish Library$bHMNTS$jYK.2018.a.6926
=856  40$uhttp://www.cepr.org/active/publications/discussion_papers/dp.php?dpno=12501
=985  \\$aLDLSCP record - no ISBN match on import to BLL01
=985  \\$aAwaiting NetCat DDC
=CAT  \\$aBATCH-LDLN$b00$c20180320$lBLL01$h1052
=CAT  \\$aBATCH-UPD$b00$c20180320$lBLL01$h1052
=CAT  \\$aBATCH-016$c20180926$lBLL01$h2153
=CAT  \\$a11405$b40$c20181126$lBLL01$h1204
=FMT  \\$a  BK
=LAS  \\$a11405$b40$c20181126$lBLL01$h1204

