=LDR  02794 am a2200481 i 4500
=001  018811638
=003  Uk
=005  20181128121517.0
=008  180117s2017\\\\enk\\\\\\b\\\\000\0\eng\c
=015  \\$aGBB859368$2bnb
=016  7\$a018811638$2Uk
=020  \\$cNo price$qpaperback
=035  \\$a(WlAbNL)99845831302419
=035  \\$a(StEdALDL)1/3625378
=035  \\$a(UkOxU)021105355
=040  \\$aStEdALDL$beng$cStEdALDL$dWlAbNL$erda
=042  \\$aukscp
=100  1\$aAlonso, Ricardo,$d1970-$eauthor.
=245  10$aOn the value of persuasion by experts /$cRicardo Alonso and Odilon Câmara.
=264  \1$aLondon :$bCentre for Economic Policy Research,$c03 December 2017.
=300  \\$a29 pages ;$c21 cm.
=336  \\$atext$btxt$2rdacontent
=337  \\$aunmediated$bn$2rdamedia
=338  \\$avolume$bnc$2rdacarrier
=490  1\$aDiscussion paper series,$x0265-8003$aIndustrial organization ;$vDP12482
=500  \\$a"Submitted 04 December 2017"--Title page.
=504  \\$aIncludes bibliographical references (pages 28-29).
=520  \\$a"We consider a persuasion model in which a sender influences the actions of a receiver by selecting an experiment (public signal) from a set of feasible experiments. We ask: does the sender benefit from becoming an expert -- observing a private signal prior to her selection? We provide necessary and sufficient conditions for a sender to never gain by becoming informed. Our key condition (sequential redundancy) shows that the informativeness of public experiments can substitute for the sender's expertise. We then provide conditions for private information to strictly benefit or strictly hurt the sender. Expertise is beneficial when the sender values the ability to change her experimental choice according to her private information. When the sender does not gain from expertise, she is strictly hurt when different types cannot pool on an optimal experiment."--Abstract.
=650  \0$aPersuasion (Psychology)$xEconometric models.
=650  \0$aInformation theory in economics.
=700  1\$aCâmara, Odilon,$eauthor.
=710  2\$aCentre for Economic Policy Research (Great Britain),$eissuing body.
=830  \0$aDiscussion paper (Centre for Economic Policy Research (Great Britain)).$pIndustrial organization ;$vDP12482.
=852  41$aBritish Library$bHMNTS$jYK.2018.a.7032
=856  40$uhttp://www.cepr.org/active/publications/discussion_papers/dp.php?dpno=12482
=985  \\$aAwaiting NetCat DDC
=985  \\$aLDLSCP record - no ISBN match on import to BLL01
=CAT  \\$aBATCH-LDLN$b00$c20180326$lBLL01$h2103
=CAT  \\$aBATCH-UPD$b00$c20180326$lBLL01$h2103
=CAT  \\$aBATCH-016$c20180919$lBLL01$h2154
=CAT  \\$a10999$b40$c20181128$lBLL01$h1215
=FMT  \\$a  BK
=LAS  \\$a10999$b40$c20181128$lBLL01$h1215

