=LDR  02923 am a2200517 i 4500
=001  018826945
=003  Uk
=005  20181126092342.0
=008  180226s2018\\\\enk\\\\\\b\\\\000\0\eng\c
=015  \\$aGBB864197$2bnb
=016  7\$a018826945$2Uk
=020  \\$cNo price$qpaperback
=035  \\$a(WlAbNL)99860229502419
=035  \\$a(StEdALDL)1/3669484
=035  \\$a(UkOxU)021136646
=040  \\$aStEdALDL$beng$cStEdALDL$dWlAbNL$erda
=042  \\$aukscp
=100  1\$aDoepke, Matthias,$eauthor.
=245  10$aWomen's empowerment, the gender gap in desired fertility, and fertility outcomes in developing countries /$cMatthias Doepke and Michèle Tertilt.
=264  \1$aLondon :$bCentre for Economic Policy Research,$c15 January 2018.
=300  \\$a30 pages ;$c21 cm.
=336  \\$atext$btxt$2rdacontent
=337  \\$aunmediated$bn$2rdamedia
=338  \\$avolume$bnc$2rdacarrier
=490  1\$aDiscussion paper series,$x0265-8003$aDevelopment economics$aLabour economics ;$vDP12593
=500  \\$a"Submitted 15 January 2018"--Title page.
=504  \\$aIncludes bibliographical references (page 9).
=520  \\$a"We document evidence on preferences for childbearing in developing countries. Across countries, men usually desire larger families than women do. Within countries, we find wide dispersion in spouses' desired fertility: there are many couples whose ideal family size differs by five children or more. This disagreement between spouses suggests that the extent to which women are empowered should matter for fertility choices. We point to evidence at both the macro and micro levels that this is indeed the case. We conclude that taking account of household bargaining and women's empowerment in analyses of fertility is an important challenge for research."--Abstract.
=650  \0$aWomen$zDeveloping countries$xSocial conditions.
=650  \0$aFertility, Human$xEconomic aspects$zDeveloping countries.
=650  \0$aHouseholds$zDeveloping countries$xDecision making.
=700  1\$aTertilt, Michèle,$eauthor.
=710  2\$aCentre for Economic Policy Research (Great Britain),$eissuing body.
=830  \0$aDiscussion paper (Centre for Economic Policy Research (Great Britain)).$pDevelopment economics ;$v12593.
=830  \0$aDiscussion paper (Centre for Economic Policy Research (Great Britain)).$pLabour economics ;$v12593.
=852  41$aBritish Library$bHMNTS$jYK.2018.a.6853
=856  40$uhttp://www.cepr.org/active/publications/discussion_papers/dp.php?dpno=12593
=985  \\$aLDLSCP record - no ISBN match on import to BLL01
=985  \\$aAwaiting NetCat DDC
=CAT  \\$aBATCH-LDLN$b00$c20180409$lBLL01$h2125
=CAT  \\$aBATCH-UPD$b00$c20180409$lBLL01$h2125
=CAT  \\$aBATCH-016$c20181010$lBLL01$h2153
=CAT  \\$a11405$b40$c20181126$lBLL01$h0923
=CAT  \\$aBATCH-UPD$b40$c20200613$lBLL01$h0644
=FMT  \\$a  BK
=LAS  \\$aBATCH-UPD$b40$c20200613$lBLL01$h0644

