=LDR  02818 am a2200505 i 4500
=001  018826946
=003  Uk
=005  20181126101724.0
=008  180226s2018\\\\enk\\\\\\b\\\\000\0\eng\c
=015  \\$aGBB864198$2bnb
=016  7\$a018826946$2Uk
=020  \\$cNo price$qpaperback
=035  \\$a(WlAbNL)99860229602419
=035  \\$a(StEdALDL)1/3669514
=035  \\$a(UkOxU)021136676
=040  \\$aStEdALDL$beng$cStEdALDL$dWlAbNL$erda
=042  \\$aukscp
=100  1\$aMalamud, Semyon,$d1980-$eauthor.
=245  10$aIntermediation markups and monetary policy pass-through /$cSemyon Malamud and Andreas Schrimpf.
=264  \1$aLondon :$bCentre for Economic Policy Research,$c19 January 2018.
=300  \\$a76 pages ;$c21 cm.
=336  \\$atext$btxt$2rdacontent
=337  \\$aunmediated$bn$2rdamedia
=338  \\$avolume$bnc$2rdacarrier
=490  1\$aDiscussion paper series,$x0265-8003$aFinancial economics$aMonetary economics and fluctuations ;$vDP12623
=500  \\$a"Submitted 19 January 2018"--Title page.
=504  \\$aIncludes bibliographical references (pages 62-76).
=520  \\$a"We introduce intermediation frictions into the classical monetary model with fully flexible prices. In our model, monetary policy is redistributive because it affects intermediaries' ability to extract rents. The pass-through efficiency of quantitative easing (QE) and tightening (QT) policies depends crucially on the anticipated relationship between future monetary policy and future stock market returns (the "Central Bank Put"). When the Central Bank Put is too weak, balance sheet policies become inefficient. When the Central Bank Put is very strong, however, monetary policy may be destabilizing and lead to greater frequency of market tantrums."--Abstract.
=650  \0$aIntermediation (Finance)$xEconometric models.
=650  \0$aMonetary policy$xEconometric models.
=650  \0$aRate of return$xEconometric models.
=700  1\$aSchrimpf, Andreas,$eauthor.
=710  2\$aCentre for Economic Policy Research (Great Britain),$eissuing body.
=830  \0$aDiscussion paper (Centre for Economic Policy Research (Great Britain)).$pFinancial economics ;$v12623.
=830  \0$aDiscussion paper (Centre for Economic Policy Research (Great Britain)).$pMonetary economics and fluctuations ;$v12623.
=852  41$aBritish Library$bHMNTS$jYK.2018.a.6902
=856  40$uhttp://www.cepr.org/active/publications/discussion_papers/dp.php?dpno=12623
=985  \\$aLDLSCP record - no ISBN match on import to BLL01
=985  \\$aAwaiting NetCat DDC
=CAT  \\$aBATCH-LDLN$b00$c20180409$lBLL01$h2125
=CAT  \\$aBATCH-UPD$b00$c20180409$lBLL01$h2125
=CAT  \\$aBATCH-016$c20181010$lBLL01$h2153
=CAT  \\$a11405$b40$c20181126$lBLL01$h1017
=FMT  \\$a  BK
=LAS  \\$a11405$b40$c20181126$lBLL01$h1017

