=LDR  03322 am a2200517 i 4500
=001  018826947
=003  Uk
=005  20181126093520.0
=008  180226s2018\\\\enk\\\\\\b\\\\000\0\eng\c
=015  \\$aGBB864199$2bnb
=016  7\$a018826947$2Uk
=020  \\$cNo price$qpaperback
=035  \\$a(WlAbNL)99860229702419
=035  \\$a(StEdALDL)1/3669521
=035  \\$a(UkOxU)021136683
=040  \\$aStEdALDL$beng$cStEdALDL$dWlAbNL$erda
=042  \\$aukscp
=100  1\$aLevy, Gilat,$d1970-$eauthor.
=245  10$aImmigration into prejudiced societies :$bsegregation and echo chambers effects /$cGilat Levy and Ronny Razin.
=264  \1$aLondon :$bCentre for Economic Policy Research,$c22 January 2018.
=300  \\$a29 pages ;$c21 cm.
=336  \\$atext$btxt$2rdacontent
=337  \\$aunmediated$bn$2rdamedia
=338  \\$avolume$bnc$2rdacarrier
=490  1\$aDiscussion paper series,$x0265-8003$aPublic economics$aDevelopment economics ;$vDP12630
=500  \\$a"Submitted 22 January 2018"--Title page.
=504  \\$aIncludes bibliographical references (pages 27-29).
=520  \\$a"We analyze the dynamic short and long-run effects of immigration waves on attitudes towards immigrants and social cohesion. We consider a model in which both the home society and the immigrants have the same levels of cultural capacity for cooperation and mutual trust, but individuals in the home society have different degrees of prejudice about the culture of the immigrants. Prejudice is modelled as the beliefs of individuals in the home society about the immigrants' capacity for cooperation. We analyze social interactions in the presence of prejudice when individuals in the home society can segregate away from immigrants. We show that in societies with high levels of prejudice, segregation, by providing information about prejudice, can enhance cooperation in the short-term. However, when individuals learn and update their beliefs based on their experiences, segregation induces polarisation. Moreover, when individuals also socialise and exchange information in segregated communities, echo-chamber effects arise and imply that segregation reduces welfare and trust in society."--Abstract.
=650  \0$aEmigration and immigration$xSocial aspects$xEconometric models.
=650  \0$aSegregation$xSocial aspects$xEconometric models.
=650  \0$aIntergroup relations$xEconometric models.
=650  \0$aSocial groups$xEconometric models.
=700  1\$aRazin, Ronny,$d1969-$eauthor.
=710  2\$aCentre for Economic Policy Research (Great Britain),$eissuing body.
=830  \0$aDiscussion paper (Centre for Economic Policy Research (Great Britain)).$pPublic economics ;$v12630.
=830  \0$aDiscussion paper (Centre for Economic Policy Research (Great Britain)).$pDevelopment economics ;$v12630.
=852  41$aBritish Library$bHMNTS$jYK.2018.a.6859
=856  40$uhttp://www.cepr.org/active/publications/discussion_papers/dp.php?dpno=12630
=985  \\$aLDLSCP record - no ISBN match on import to BLL01
=985  \\$aAwaiting NetCat DDC
=CAT  \\$aBATCH-LDLN$b00$c20180409$lBLL01$h2125
=CAT  \\$aBATCH-UPD$b00$c20180409$lBLL01$h2125
=CAT  \\$aBATCH-016$c20181010$lBLL01$h2153
=CAT  \\$a11405$b40$c20181126$lBLL01$h0935
=FMT  \\$a  BK
=LAS  \\$a11405$b40$c20181126$lBLL01$h0935

