=LDR  02537 am a2200493 i 4500
=001  018826961
=003  Uk
=005  20181128171227.0
=008  180226s2018\\\\enk\\\\\\b\\\\000\0\eng\c
=015  \\$aGBB864213$2bnb
=016  7\$a018826961$2Uk
=020  \\$cNo price$qpaperback
=035  \\$a(WlAbNL)99860640802419
=035  \\$a(StEdALDL)1/3669547
=035  \\$a(UkOxU)021136708
=040  \\$aStEdALDL$beng$cStEdALDL$dWlAbNL$erda
=042  \\$aukscp
=100  1\$aAlesina, Alberto,$eauthor.
=245  10$aWhat do we know about the effects of austerity? /$cAlberto Alesina, Carlo Favero, Francesco Giavazzi.
=264  \1$aLondon :$bCentre for Economic Policy Research,$c26 January 2018.
=300  \\$a15 pages ;$c21 cm.
=336  \\$atext$btxt$2rdacontent
=337  \\$aunmediated$bn$2rdamedia
=338  \\$avolume$bnc$2rdacarrier
=490  1\$aDiscussion paper series,$x0265-8003$aInternational macroeconomics and finance ;$vDP12655
=500  \\$a"Submitted 26 January 2018"--Title page.
=504  \\$aIncludes bibliographical references (pages 13-15).
=520  \\$a"This paper summarizes the results of a large recent literature on multi year fiscal plans for deficit reduction (austerity). The key results are that deficit reduction policies based upon spending cuts are much less costly in terms of short run output losses than tax based adjustments. On average fiscal adjustment based upon spending cuts have very samll otput [small output] costs and in come cases they are expansionary. We then discuss which possible models can explain these findings and discuss how the evidence can disentangle them."--Abstract.
=650  \0$aFiscal policy$xEconometric models.
=650  \0$aFinancial crises.
=700  1\$aFavero, Carlo A.,$eauthor.
=700  1\$aGiavazzi, Francesco,$eauthor.
=710  2\$aCentre for Economic Policy Research (Great Britain),$eissuing body.
=830  \0$aDiscussion paper (Centre for Economic Policy Research (Great Britain)).$pInternational macroeconomics and finance ;$v12655.
=852  41$aBritish Library$bHMNTS$jYK.2018.a.7077
=856  40$uhttp://www.cepr.org/active/publications/discussion_papers/dp.php?dpno=12655
=985  \\$aAwaiting NetCat DDC
=985  \\$aLDLSCP record - no ISBN match on import to BLL01
=CAT  \\$aBATCH-LDLN$b00$c20180409$lBLL01$h2125
=CAT  \\$aBATCH-UPD$b00$c20180409$lBLL01$h2125
=CAT  \\$aBATCH-016$c20181010$lBLL01$h2153
=CAT  \\$a5004$b40$c20181128$lBLL01$h1712
=FMT  \\$a  BK
=LAS  \\$a5004$b40$c20181128$lBLL01$h1712

