=LDR  02942 am a2200541 i 4500
=001  018827019
=003  Uk
=005  20181128144135.0
=008  180117s2017\\\\enkb\\\\\b\\\\000\0\eng\c
=015  \\$aGBB864271$2bnb
=016  7\$a018827019$2Uk
=020  \\$cNo price$qpaperback
=035  \\$a(WlAbNL)99845829902419
=035  \\$a(StEdALDL)1/3625383
=035  \\$a(UkOxU)021105358
=040  \\$aStEdALDL$beng$cStEdALDL$dWlAbNL$erda
=042  \\$aukscp
=100  1\$aCiliberto, Federico,$eauthor.
=245  10$aNetwork structure and consolidation in the U.S. airline industry, 1990-2015 /$cFederico Ciliberto, Emily Cook and Jonathan Williams.
=264  \1$aLondon :$bCentre for Economic Policy Research,$c2017.
=300  \\$a46 pages :$bmaps (black and white) ;$c21 cm.
=336  \\$atext$btxt$2rdacontent
=336  \\$acartographic image$bcri$2rdacontent
=337  \\$aunmediated$bn$2rdamedia
=338  \\$avolume$bnc$2rdacarrier
=490  1\$aDiscussion paper series,$x0265-8003$aIndustrial organization ;$vDP12485
=500  \\$a"Submitted 04 December 2017"--Title page.
=504  \\$aIncludes bibliographical references (pages 37-40).
=520  \\$a"We study the effect of consolidation on airline network connectivity using three measures of centrality from graph theory: Degree, Closeness, and Betweenness. Changes in these measures from 1990 to 2015 imply: i) the average airport services a greater proportion of possible routes, ii) the average origin airport is fewer stops away from any given destination, and iii) the average hub is less often along the shortest route between two other airports. Yet, we find the trend toward greater connectivity in the national network structure is largely unaffected by consolidation, in the form of mergers and codeshare agreements, during this period."--Abstract.
=650  \0$aAirlines$xMergers$xEconomic aspects$zUnited States.
=650  \0$aAirlines$xManagement$xEconomic aspects$zUnited States.
=650  \0$aAirlines$xRates$zUnited States.
=650  \0$aCode sharing (Airline reservation systems)$zUnited States.
=650  \0$aCompetition.
=700  1\$aCook, Emily E.,$eauthor.
=700  1\$aWilliams, Jonathan W.$q(Jonathan Wallace),$eauthor.
=710  2\$aCentre for Economic Policy Research (Great Britain),$eissuing body.
=830  \0$aDiscussion paper (Centre for Economic Policy Research (Great Britain)).$pIndustrial organization ;$vDP12485.
=852  41$aBritish Library$bHMNTS$jYK.2018.a.7073
=856  40$uhttp://www.cepr.org/active/publications/discussion_papers/dp.php?dpno=12485
=985  \\$aAwaiting NetCat DDC
=985  \\$aLDLSCP record - no ISBN match on import to BLL01
=CAT  \\$aBATCH-LDLN$b00$c20180409$lBLL01$h2125
=CAT  \\$aBATCH-UPD$b00$c20180409$lBLL01$h2125
=CAT  \\$aBATCH-016$c20180919$lBLL01$h2154
=CAT  \\$a10999$b40$c20181128$lBLL01$h1441
=FMT  \\$a  BK
=LAS  \\$a10999$b40$c20181128$lBLL01$h1441

