=LDR  03966 am a2200529 i 4500
=001  018844017
=003  Uk
=005  20181128133204.0
=008  180117s2017\\\\enk\\\\\\b\\\\000\0\eng\c
=015  \\$aGBB875227$2bnb
=016  7\$a018844017$2Uk
=020  \\$cNo price$qpaperback
=035  \\$a(WlAbNL)99845829502419
=035  \\$a(StEdALDL)1/3625389
=035  \\$a(UkOxU)021105362
=040  \\$aStEdALDL$beng$cStEdALDL$dWlAbNL$erda
=042  \\$aukscp
=100  1\$aCukierman, Alex,$eauthor.
=245  10$aInternational evidence on professional interest rates forecasts :$bthe impact of forecasting ability /$cAlex Cukierman and Thomas Lustenberger.
=264  \1$aLondon :$bCentre for Economic Policy Research,$c06 December 2017.
=300  \\$a33 pages ;$c21 cm.
=336  \\$atext$btxt$2rdacontent
=337  \\$aunmediated$bn$2rdamedia
=338  \\$avolume$bnc$2rdacarrier
=490  1\$aDiscussion paper series,$x0265-8003$aFinancial economics$aInternational macroeconomics and finance$aMonetary economics and fluctuations ;$vDP12489
=500  \\$a"Submitted 06 December 2017".
=504  \\$aIncludes bibliographical references (pages 29-30).
=520  \\$a"This paper develops a model of honest rational professional forecasters with different abilities and submits it to empirical verification using data on three and twelve months ahead forecasts of short term interest rates and of long term bond yields for up to 33 countries using data collected by Consensus Economics. The main finding is that, in many countries, less precise forecasters weigh public information more heavily than more precise forecasters who weigh their own private information relatively more heavily. One implication of this result is that less precise forecasters herd after more precise forecasters even in the absence of strategic considerations. The second part of the paper discusses and examines the cross-country relationships between measures of forecast uncertainty, dispersion of forecasts across individual forecasters and the variabilities of short term interest rates and of long term bonds. The main findings are: (i) Forecast uncertainty and dispersion are positively and significantly related across countries for both short rates and yields. (ii) A similar positive, albeit somewhat weaker, association is found between uncertainty and variability. (iii) Dispersion of short term interest rate forecasts and the variability of those rates are also positively associated. The paper also documents differences between the average forecasting errors of more and less able forecasters as well as substantial correlations between the forecast errors of different forecasters."--Abstract.
=650  \0$aInterest rates$xForecasting$xEconometric models.
=650  \0$aEconomic forecasting$xEconometric models.
=650  \0$aUncertainty$xEconometric models.
=650  \0$aMonetary policy$xEconometric models.
=700  1\$aLustenberger, Thomas$c(Economist),$eauthor.
=710  2\$aCentre for Economic Policy Research (Great Britain),$eissuing body.
=830  \0$aDiscussion paper (Centre for Economic Policy Research (Great Britain)).$pFinancial economics ;$vDP12489.
=830  \0$aDiscussion paper (Centre for Economic Policy Research (Great Britain)).$pInternational macroeconomics and finance ;$vDP12489.
=830  \0$aDiscussion paper (Centre for Economic Policy Research (Great Britain)).$pMonetary economics and fluctuations ;$vDP12489.
=852  41$aBritish Library$bHMNTS$jYK.2018.a.7037
=856  40$uhttp://www.cepr.org/active/publications/discussion_papers/dp.php?dpno=12489
=985  \\$aAwaiting NetCat DDC
=985  \\$aLDLSCP record - no ISBN match on import to BLL01
=CAT  \\$aBATCH-LDLN$b00$c20180423$lBLL01$h2105
=CAT  \\$aBATCH-UPD$b00$c20180423$lBLL01$h2105
=CAT  \\$aBATCH-016$c20180919$lBLL01$h2154
=CAT  \\$a10999$b40$c20181128$lBLL01$h1332
=FMT  \\$a  BK
=LAS  \\$a10999$b40$c20181128$lBLL01$h1332

