=LDR  02818 am a2200493 i 4500
=001  018844024
=003  Uk
=005  20181126094307.0
=008  180226s2018\\\\enk\\\\\\b\\\\000\0\eng\c
=015  \\$aGBB875234$2bnb
=016  7\$a018844024$2Uk
=020  \\$cNo price$qpaperback
=035  \\$a(WlAbNL)99860641302419
=035  \\$a(StEdALDL)1/3669562
=035  \\$a(UkOxU)021136723
=040  \\$aStEdALDL$beng$cStEdALDL$dWlAbNL$erda
=042  \\$aukscp
=100  1\$aPugsley, Benjamin Wild,$eauthor.
=245  14$aThe nature of firm growth /$cBenjamin Pugsley, Petr Sedlacek and Vincent Sterk.
=264  \1$aLondon :$bCentre for Economic Policy Research,$c31 January 2018.
=300  \\$a42 pages ;$c21 cm.
=336  \\$atext$btxt$2rdacontent
=337  \\$aunmediated$bn$2rdamedia
=338  \\$avolume$bnc$2rdacarrier
=490  1\$aDiscussion paper series,$x0265-8003$aMonetary economics and fluctuations ;$vDP12670
=500  \\$a"Submitted 31 January 2018"--Title page.
=504  \\$aIncludes bibliographical references (pages 39-42).
=520  \\$a"Only half of all startups survive past the age of five and surviving businesses grow at vastly different speeds. Using micro data on employment in the population of U.S. businesses, we estimate that the lion's share of these differences is driven by ex-ante heterogeneity across firms, rather than by ex-post shocks. We embed such heterogeneity in a firm dynamics model and study how ex-ante differences shape the distribution of firm size, "up-or-out'' dynamics, and the associated gains in aggregate output. "Gazelles'' -- a small subset of startups with particularly high growth potential -- emerge as key drivers of these outcomes. Analyzing changes in the distribution of ex-ante firm heterogeneity over time reveals that the birth rate and growth potential of gazelles has declined, creating substantial aggregate losses."--Abstract.
=650  \0$aNew business enterprises$zUnited States.
=650  \0$aCorporations$zUnited States$xGrowth.
=700  1\$aSedlacek, Petr,$eauthor.
=700  1\$aSterk, Vincent,$eauthor.
=710  2\$aCentre for Economic Policy Research (Great Britain),$eissuing body.
=830  \0$aDiscussion paper (Centre for Economic Policy Research (Great Britain)).$pMonetary economics and fluctuations ;$v12670.
=852  41$aBritish Library$bHMNTS$jYK.2018.a.6865
=856  40$uhttp://www.cepr.org/active/publications/discussion_papers/dp.php?dpno=12670
=985  \\$aLDLSCP record - no ISBN match on import to BLL01
=985  \\$aAwaiting NetCat DDC
=CAT  \\$aBATCH-LDLN$b00$c20180423$lBLL01$h2105
=CAT  \\$aBATCH-UPD$b00$c20180423$lBLL01$h2105
=CAT  \\$aBATCH-016$c20181010$lBLL01$h2153
=CAT  \\$a11405$b40$c20181126$lBLL01$h0943
=FMT  \\$a  BK
=LAS  \\$a11405$b40$c20181126$lBLL01$h0943

