=LDR  02875 am a2200505 i 4500
=001  018844025
=003  Uk
=005  20181126091800.0
=008  180226s2018\\\\enk\\\\\\b\\\\000\0\eng\c
=015  \\$aGBB875235$2bnb
=016  7\$a018844025$2Uk
=020  \\$cNo price$qpaperback
=035  \\$a(WlAbNL)99860641502419
=035  \\$a(StEdALDL)1/3669523
=035  \\$a(UkOxU)021136685
=040  \\$aStEdALDL$beng$cStEdALDL$dWlAbNL$erda
=042  \\$aukscp
=100  1\$aBover, Olympia,$eauthor.
=245  14$aThe impact of high school financial education on financial knowledge and choices :$bevidence from a randomized trial in Spain /$cOlympia Bover, Laura Hospido and Ernesto Villanueva.
=264  \1$aLondon :$bCentre for Economic Policy Research,$c22 January 2018.
=300  \\$a40 pages ;$c21 cm.
=336  \\$atext$btxt$2rdacontent
=337  \\$aunmediated$bn$2rdamedia
=338  \\$avolume$bnc$2rdacarrier
=490  1\$aDiscussion paper series,$x0265-8003$aFinancial economics ;$vDP12632
=500  \\$a"Submitted 22 January 2018"--Title page.
=504  \\$aIncludes bibliographical references (pages 23-24).
=520  \\$a"We conducted a randomized controlled trial where 3,000 9th grade students coming from 78 high schools received a financial education course at different points of the year. Right after the treatment, test performance increased by 16% of one standard deviation, treated youths were more likely to become involved in financial matters at home and showed more patience in hypothetical saving choices. In an incentivized saving task conducted three months after, treated students made more patient choices than a control group of 10th graders. Within randomization strata, the main impacts are also statistically significant in public schools, which over-represent disadvantaged students."--Abstract.
=650  \0$aFinance, Personal$xStudy and teaching (Secondary)$zSpain.
=650  \0$aFinancial literacy$xStudy and teaching (Secondary)$zSpain.
=650  \0$aHigh school students$xDecision making$xEconomic aspects$zSpain.
=700  1\$aHospido, Laura,$d1979-$eauthor.
=700  1\$aVillanueva, Ernesto,$d1970-$eauthor.
=710  2\$aCentre for Economic Policy Research (Great Britain),$eissuing body.
=830  \0$aDiscussion paper (Centre for Economic Policy Research (Great Britain)).$pFinancial economics ;$v12632.
=852  41$aBritish Library$bHMNTS$jYK.2018.a.6846
=856  40$uhttp://www.cepr.org/active/publications/discussion_papers/dp.php?dpno=12632
=985  \\$aLDLSCP record - no ISBN match on import to BLL01
=985  \\$aAwaiting NetCat DDC
=CAT  \\$aBATCH-LDLN$b00$c20180423$lBLL01$h2105
=CAT  \\$aBATCH-UPD$b00$c20180423$lBLL01$h2105
=CAT  \\$aBATCH-016$c20181010$lBLL01$h2153
=CAT  \\$a11405$b40$c20181126$lBLL01$h0918
=FMT  \\$a  BK
=LAS  \\$a11405$b40$c20181126$lBLL01$h0918

