=LDR  03076 am a2200505 i 4500
=001  018844027
=003  Uk
=005  20181205091644.0
=008  180226s2018\\\\enk\\\\\\b\\\\000\0\eng\c
=015  \\$aGBB875237$2bnb
=016  7\$a018844027$2Uk
=020  \\$cNo price$qpaperback
=035  \\$a(WlAbNL)99860641802419
=035  \\$a(StEdALDL)1/3669479
=035  \\$a(UkOxU)021136641
=040  \\$aStEdALDL$beng$cStEdALDL$dWlAbNL$erda
=042  \\$aukscp
=100  1\$aHackbarth, Dirk,$eauthor.
=245  10$aOptimal short-termism /$cDirk Hackbarth, Alejandro Rivera and Tak-Yuen Wong.
=264  \1$aLondon :$bCentre for Economic Policy Research,$c13 January 2018.
=300  \\$a42 pages ;$c21 cm.
=336  \\$atext$btxt$2rdacontent
=337  \\$aunmediated$bn$2rdamedia
=338  \\$avolume$bnc$2rdacarrier
=490  1\$aDiscussion paper series,$x0265-8003$aFinancial economics ;$vDP12588
=500  \\$a"Submitted 13 January 2018"--Title page.
=504  \\$aIncludes bibliographical references (pages 34-36).
=520  \\$a"This paper studies incentives in a dynamic contracting framework of a levered firm. In particular, the manager selects long-term and short-term efforts, while shareholders choose initially optimal leverage and ex-post optimal default policies. There are three results. First, shareholders trade off the benefits of short-termism (current cash flows) against the benefits of higher growth from long-term effort (future cash flows), but because shareholders only split the latter with bondholders, they find short-termism ex-post optimal. Second, bright (grim) growth prospects imply lower (higher) optimal levels of short-termism. Third, the endogenous default threshold rises with the substitutability of tasks and, for a positive correlation of shocks, the endogenous default threshold is hump-shaped in the volatility of permanent shocks, but increases monotonically with the volatility of transitory shocks. Finally, we quantify agency costs of short-term and long-term effort, cost of short-termism, effects of investor time horizons, credit spreads, and risk-shifting."--Abstract.
=650  \0$aCorporations$xInvestor relations.
=650  \0$aShort-term business financing$xEconomic aspects.
=650  \0$aIndustrial management.
=700  1\$aRivera, Alejandro,$d1985-$eauthor.
=700  1\$aWong, Tak-Yuen,$eauthor.
=710  2\$aCentre for Economic Policy Research (Great Britain),$eissuing body.
=830  \0$aDiscussion paper (Centre for Economic Policy Research (Great Britain)).$pFinancial economics ;$v12588.
=852  41$aBritish Library$bHMNTS$jYK.2018.a.7218
=856  40$uhttp://www.cepr.org/active/publications/discussion_papers/dp.php?dpno=12588
=985  \\$aLDLSCP record - no ISBN match on import to BLL01
=985  \\$aAwaiting NetCat DDC
=CAT  \\$aBATCH-LDLN$b00$c20180423$lBLL01$h2105
=CAT  \\$aBATCH-UPD$b00$c20180423$lBLL01$h2105
=CAT  \\$aBATCH-016$c20181010$lBLL01$h2153
=CAT  \\$a11405$b40$c20181205$lBLL01$h0916
=FMT  \\$a  BK
=LAS  \\$a11405$b40$c20181205$lBLL01$h0916

