=LDR  03000 am a2200481 i 4500
=001  018844028
=003  Uk
=005  20181205092242.0
=008  180226s2018\\\\enk\\\\\\b\\\\000\0\eng\c
=015  \\$aGBB875238$2bnb
=016  7\$a018844028$2Uk
=020  \\$cNo price$qpaperback
=035  \\$a(WlAbNL)99860642302419
=035  \\$a(StEdALDL)1/3669528
=035  \\$a(UkOxU)021136690
=040  \\$aStEdALDL$beng$cStEdALDL$dWlAbNL$erda
=042  \\$aukscp
=100  1\$aÁlvarez-Martínez, María,$d1981-$eauthor.
=245  10$aHow large is the corporate tax base erosion and profit shifting? :$bA general equilibrium approach /$cMaria Alvarez-Martinez [and five others].
=264  \1$aLondon :$bCentre for Economic Policy Research,$c22 January 2018.
=300  \\$a53 pages ;$c21 cm.
=336  \\$atext$btxt$2rdacontent
=337  \\$aunmediated$bn$2rdamedia
=338  \\$avolume$bnc$2rdacarrier
=490  1\$aDiscussion paper series,$x0265-8003$aPublic economics ;$vDP12637
=500  \\$a"Submitted 22 January 2018"--Title page.
=504  \\$aIncludes bibliographical references (pages 46-48).
=520  \\$a"This paper estimates the size and macroeconomic effects of base erosion and profit shifting (BEPS) using a computable general equilibrium model designed for corporate taxation and multinationals. Our central estimate of the impact of BEPS on corporate tax losses for the EU amounts to €36 billion annually or 7.7% of total corporate tax revenues. The USA and Japan also appear to loose tax revenues respectively of €101 and €24 billion per year or 10.7% of corporate tax revenues in both cases. These estimates are consistent with gaps in bilateral multinationals' activities reported by creditor and debtor countries using official statistics for the EU. Our results suggest that by increasing the cost of capital, eliminating profit shifting would slightly reduce investment and GDP. It would however raise corporate tax revenues thanks to enhanced domestic production. This in turn could reduce other taxes and increase welfare."--Abstract.
=650  \0$aCorporations$xTaxation$xInternational cooperation$xEconometric models.
=650  \0$aTax administration and procedure$xInternational cooperation$xEconometric models.
=650  \0$aEquilibrium (Economics)
=710  2\$aCentre for Economic Policy Research (Great Britain),$eissuing body.
=830  \0$aDiscussion paper (Centre for Economic Policy Research (Great Britain)).$pPublic economics ;$v12637.
=852  41$aBritish Library$bHMNTS$jYK.2018.a.7221
=856  40$uhttp://www.cepr.org/active/publications/discussion_papers/dp.php?dpno=12637
=985  \\$aLDLSCP record - no ISBN match on import to BLL01
=985  \\$aAwaiting NetCat DDC
=CAT  \\$aBATCH-LDLN$b00$c20180423$lBLL01$h2105
=CAT  \\$aBATCH-UPD$b00$c20180423$lBLL01$h2105
=CAT  \\$aBATCH-016$c20181010$lBLL01$h2153
=CAT  \\$a11405$b40$c20181205$lBLL01$h0922
=FMT  \\$a  BK
=LAS  \\$a11405$b40$c20181205$lBLL01$h0922

