=LDR  03389 am a2200505 i 4500
=001  018868349
=003  Uk
=005  20181128121753.0
=008  180117s2017\\\\enk\\\\\\b\\\\000\0\eng\c
=015  \\$aGBB889207$2bnb
=016  7\$a018868349$2Uk
=020  \\$cNo price$qpaperback
=035  \\$a(WlAbNL)99845829602419
=035  \\$a(StEdALDL)1/3625336
=035  \\$a(UkOxU)021105320
=040  \\$aStEdALDL$beng$cStEdALDL$dWlAbNL$erda
=042  \\$aukscp
=100  1\$aLee, Sang Yoon$c(Economist),$eauthor.
=245  10$aHorizontal and vertical polarization :$btask-specific technological change in a multi-sector economy /$cSang Yoon (Tim) Lee and Yongseok Shin.
=264  \1$aLondon :$bCentre for Economic Policy Research,$c21 December 2017.
=300  \\$a68 pages ;$c21 cm.
=336  \\$atext$btxt$2rdacontent
=337  \\$aunmediated$bn$2rdamedia
=338  \\$avolume$bnc$2rdacarrier
=490  1\$aDiscussion paper series,$x0265-8003$aMacroeconomics and growth ;$vDP12524
=500  \\$a"Submitted 21 December 2017"--Title page.
=504  \\$aIncludes bibliographical references (pages 67-68).
=520  \\$a"We analyze the effect of technological change in a novel framework that integrates an economy's skill distribution with its occupational and industrial structure. Individuals become managers or workers based on their managerial vs. worker skills, and workers further sort into a continuum of tasks (occupations) ranked by skill content. Our theory dictates that faster technological progress for middle-skill tasks not only raises the employment shares and relative wages of lower- and higher-skill occupations among workers (horizontal polarization), but also raises those of managers over workers as a whole (vertical polarization). Both dimensions of polarization are faster within sectors that depend more on middle-skill tasks and less on managers. This endogenously leads to faster TFP growth of such sectors, whose employment and value-added shares shrink if sectoral goods are complementary (structural change). We present several novel facts that support our model, followed by a quantitative analysis showing that task-specific technological progress-which was fastest for occupations embodying routine-manual tasks but not interpersonal skills-is important for understanding changes in the sectoral, occupational, and organizational structure of the U.S. economy since 1980."--Abstract.
=650  \0$aTechnological innovations$xEconomic aspects.
=650  \0$aSkilled labor$xSupply and demand.
=650  \0$aSkilled labor$xEffect of technological innovations on.
=650  \0$aLabor market.
=700  1\$aShin, Yongseok,$eauthor.
=710  2\$aCentre for Economic Policy Research (Great Britain),$eissuing body.
=830  \0$aDiscussion paper (Centre for Economic Policy Research (Great Britain)).$pMacroeconomics and growth ;$vDP12524.
=852  41$aBritish Library$bHMNTS$jYK.2018.a.7033
=856  40$uhttp://www.cepr.org/active/publications/discussion_papers/dp.php?dpno=12524
=985  \\$aAwaiting NetCat DDC
=985  \\$aLDLSCP record - no ISBN match on import to BLL01
=CAT  \\$aBATCH-LDLN$b00$c20180514$lBLL01$h2119
=CAT  \\$aBATCH-UPD$b00$c20180514$lBLL01$h2119
=CAT  \\$aBATCH-016$c20180919$lBLL01$h2154
=CAT  \\$a10999$b40$c20181128$lBLL01$h1217
=FMT  \\$a  BK
=LAS  \\$a10999$b40$c20181128$lBLL01$h1217

