=LDR  02568 am a2200493 i 4500
=001  018868368
=003  Uk
=005  20181211091341.0
=008  180413s2018\\\\enka\\\\\b\\\\000\0\eng\c
=015  \\$aGBB889226$2bnb
=016  7\$a018868368$2Uk
=020  \\$cNo price$qpaperback
=035  \\$a(WlAbNL)99867124902419
=035  \\$a(StEdALDL)1/3684182
=035  \\$a(UkOxU)021170859
=040  \\$aStEdALDL$beng$cStEdALDL$dWlAbNL$erda
=042  \\$aukscp
=100  1\$aNiepelt, Dirk,$d1969-$eauthor.
=245  10$aFinancial policy /$cDirk Niepelt.
=264  \1$aLondon :$bCentre for Economic Policy Research,$c26 February 2018.
=300  \\$a37 pages :$billustrations (black and white) ;$c21 cm.
=336  \\$atext$btxt$2rdacontent
=336  \\$astill image$bsti$2rdacontent
=337  \\$aunmediated$bn$2rdamedia
=338  \\$avolume$bnc$2rdacarrier
=490  1\$aDiscussion paper series,$x0265-8003$aInternational macroeconomics and finance$aPublic economics ;$vDP12755
=500  \\$a"Submitted 26 February 2018"--Title page.
=504  \\$aIncludes bibliographical references (pages 31-37).
=520  \\$a"This paper reviews theoretical results on financial policy. We use basic accounting identities to illustrate relations between gross assets and liabilities, net debt positions and the appropriation of (primary) budget surplus funds. We then discuss Ramsey policies, answering the question how a committed government may use financial instruments to pursue its objectives. Finally, we discuss additional roles for financial policy that arise as a consequence of political frictions, in particular lack of commitment."--Abstract.
=650  \0$aFiscal policy$xEconomic aspects.
=650  \0$aDebts, Public$xEconomic aspects.
=650  \0$aGovernment spending policy$xEconomic aspects.
=830  \0$aDiscussion paper (Centre for Economic Policy Research (Great Britain)).$pInternational macroeconomics and finance ;$v12755.
=830  \0$aDiscussion paper (Centre for Economic Policy Research (Great Britain)).$pPublic economics ;$v12755.
=852  41$aBritish Library$bHMNTS$jYK.2018.a.7346
=856  40$uhttp://www.cepr.org/active/publications/discussion_papers/dp.php?dpno=12755
=985  \\$aAwaiting NetCat DDC
=985  \\$aLDLSCP record - no ISBN match on import to BLL01
=CAT  \\$aBATCH-LDLN$b00$c20180514$lBLL01$h2119
=CAT  \\$aBATCH-UPD$b00$c20180514$lBLL01$h2119
=CAT  \\$aBATCH-016$c20180523$lBLL01$h2147
=CAT  \\$a10999$b40$c20181211$lBLL01$h0913
=FMT  \\$a  BK
=LAS  \\$a10999$b40$c20181211$lBLL01$h0913

