=LDR  02868 am a2200541 i 4500
=001  018868369
=003  Uk
=005  20181210142833.0
=008  180413s2018\\\\enka\\\\\b\\\\000\0\eng\c
=015  \\$aGBB889227$2bnb
=016  7\$a018868369$2Uk
=020  \\$cNo price$qpaperback
=035  \\$a(WlAbNL)99867126602419
=035  \\$a(StEdALDL)1/3684200
=035  \\$a(UkOxU)021170877
=040  \\$aStEdALDL$beng$cStEdALDL$dWlAbNL$erda
=042  \\$aukscp
=100  1\$aDebortoli, Davide,$eauthor.
=245  10$aOn the empirical (ir)relevance of the zero lower bound constraint /$cDavide Debortoli, Jordi Galí and Luca Gambetti.
=246  3\$aOn the empirical irrelevance of the zero lower bound constraint
=264  \1$aLondon :$bCentre for Economic Policy Research,$c06 February 2018.
=300  \\$a23 pages :$billustrations (black and white) ;$c21 cm.
=336  \\$atext$btxt$2rdacontent
=336  \\$astill image$bsti$2rdacontent
=337  \\$aunmediated$bn$2rdamedia
=338  \\$avolume$bnc$2rdacarrier
=490  1\$aDiscussion paper series,$x0265-8003$aMonetary economics and fluctuations ;$vDP12691
=500  \\$a"Submitted 06 February 2018"--Title page.
=504  \\$aIncludes bibliographical references (pages 16-17).
=520  \\$a"We estimate a time-varying structural VAR that describes the dynamic responses of a number of U.S. macro variables to different identified shocks. We find no significant changes in the estimated responses over the period when the federal funds rate attained the zero lower bound (ZLB). This result is consistent with the hypothesis of "perfect substitutability" between conventional and unconventional monetary policies. Montecarlo simulations based on artificial time series generated from a standard New Keynesian model point to the validity of our empirical approach to detect the changes in equilibrium dynamics associated with ZLB episodes."--Abstract.
=650  \0$aLiquidity (Economics)
=650  \0$aMonetary policy.
=650  \0$aInterest rates.
=650  \0$aRegression analysis.
=700  1\$aGalí, Jordi,$d1961-$eauthor.
=700  1\$aGambetti, Luca,$eauthor.
=710  2\$aCentre for Economic Policy Research (Great Britain),$eissuing body.
=830  \0$aDiscussion paper (Centre for Economic Policy Research (Great Britain)).$pMonetary economics and fluctuations ;$v12691.
=852  41$aBritish Library$bHMNTS$jYK.2018.a.7330
=856  40$uhttp://www.cepr.org/active/publications/discussion_papers/dp.php?dpno=12691
=985  \\$aAwaiting NetCat DDC
=985  \\$aLDLSCP record - no ISBN match on import to BLL01
=CAT  \\$aBATCH-LDLN$b00$c20180514$lBLL01$h2119
=CAT  \\$aBATCH-UPD$b00$c20180514$lBLL01$h2119
=CAT  \\$aBATCH-016$c20180523$lBLL01$h2147
=CAT  \\$a10999$b40$c20181210$lBLL01$h1428
=FMT  \\$a  BK
=LAS  \\$a10999$b40$c20181210$lBLL01$h1428

