=LDR  02858 am a2200493 i 4500
=001  018868370
=003  Uk
=005  20181211104029.0
=008  180413s2018\\\\enka\\\\\b\\\\000\0\eng\c
=015  \\$aGBB889228$2bnb
=016  7\$a018868370$2Uk
=020  \\$cNo price$qpaperback
=035  \\$a(WlAbNL)99867126702419
=035  \\$a(StEdALDL)1/3684224
=035  \\$a(UkOxU)021170900
=040  \\$aStEdALDL$beng$cStEdALDL$dUkOxU$dWlAbNL$erda
=042  \\$aukscp
=100  1\$aHorn, Samantha,$d1987-$eauthor.
=245  10$aIntuitive donating :$btesting one-line solicitations for {dollar}1 donations in a large online experiment /$cSamantha Horn and Dean Karlan.
=264  \1$aLondon :$bCentre for Economic Policy Research,$c12 February 2018.
=300  \\$a19 pages :$billustrations (black and white) ;$c21 cm.
=336  \\$atext$btxt$2rdacontent
=336  \\$astill image$bsti$2rdacontent
=337  \\$aunmediated$bn$2rdamedia
=338  \\$avolume$bnc$2rdacarrier
=490  1\$aDiscussion paper series,$x0265-8003$aPublic economics ;$vDP12714
=500  \\$a"Submitted 12 February 2018"--Title page.
=504  \\$aIncludes bibliographical references (pages 10-11).
=520  \\$a"We partnered with a large online auction website to test differing messages' effects on the decision to donate to charity at checkout. Our setting, where impulsive decisions are likely to be driving donations, allows us to evaluate intuitive responses to messages prompting a donation. We find that shorter messages, matching grants, and descriptions of a charity's mission increase both the likelihood that a user donates, as well as the average amount donated. Conversely, displaying the impact of the donated amount, the popularity of the charity, and that a charity uses scientific evidence do not improve donation rates. These results contribute to our understanding of how framing requests drives the decision to donate and are practically relevant to the many retail sites which promote giving at point of sale."--Abstract.
=650  \0$aFund raising$xEconomic aspects.
=650  \0$aCharity$xPsychological aspects.
=700  1\$aKarlan, Dean S.,$eauthor.
=710  2\$aCentre for Economic Policy Research (Great Britain),$eissuing body.
=830  \0$aDiscussion paper (Centre for Economic Policy Research (Great Britain)).$pPublic economics ;$v12714.
=852  41$aBritish Library$bHMNTS$jYK.2018.a.7368
=856  40$uhttp://www.cepr.org/active/publications/discussion_papers/dp.php?dpno=12714
=985  \\$aAwaiting NetCat DDC
=985  \\$aLDLSCP record - no ISBN match on import to BLL01
=CAT  \\$aBATCH-LDLN$b00$c20180514$lBLL01$h2119
=CAT  \\$aBATCH-UPD$b00$c20180514$lBLL01$h2119
=CAT  \\$aBATCH-016$c20180523$lBLL01$h2147
=CAT  \\$a10999$b40$c20181211$lBLL01$h1040
=FMT  \\$a  BK
=LAS  \\$a10999$b40$c20181211$lBLL01$h1040

