=LDR  02612 am a2200505 i 4500
=001  018868371
=003  Uk
=005  20181211093651.0
=008  180413s2018\\\\enk\\\\\\b\\\\000\0\eng\c
=015  \\$aGBB889229$2bnb
=016  7\$a018868371$2Uk
=020  \\$cNo price$qpaperback
=035  \\$a(WlAbNL)99867127002419
=035  \\$a(StEdALDL)1/3684242
=035  \\$a(UkOxU)021170916
=040  \\$aStEdALDL$beng$cStEdALDL$dUkOxU$dWlAbNL$erda
=042  \\$aukscp
=100  1\$aKim, In Kyung,$eauthor.
=245  10$aWage inequality and establishment heterogeneity /$cIn K Kim and Jozef Konings.
=264  \1$aLondon :$bCentre for Economic Policy Research,$c08 February 2018.
=300  \\$a22 pages ;$c21 cm.
=336  \\$atext$btxt$2rdacontent
=337  \\$aunmediated$bn$2rdamedia
=338  \\$avolume$bnc$2rdacarrier
=490  1\$aDiscussion paper series,$x0265-8003$aIndustrial organization ;$vDP12698
=500  \\$a"Submitted 08 February 2018"--Title page.
=504  \\$aIncludes bibliographical references (page 10).
=520  \\$a"We analyze wage dispersion within and across establishments in Korea between 2007 and 2013. We find that foreign owned establishments and those operating in global markets have higher within establishment wage dispersion. The effect is over and above the establishment size effect. Furthermore, wages are higher in larger establishments and internationally oriented ones. Our findings are consistent with theories explaining management pay and the scope of control. Our results also provide evidence that can explain the rise in wage inequality due to the emergence of "super star" firms and global supply chains."--Abstract.
=650  \0$aWage differentials$zKorea.
=650  \0$aIncome distribution$zKorea.
=650  \0$aGlobalization$xEconomic aspects.
=650  \0$aInternational business enterprises.
=700  1\$aKonings, Jozef,$eauthor.
=710  2\$aCentre for Economic Policy Research (Great Britain),$eissuing body.
=830  \0$aDiscussion paper (Centre for Economic Policy Research (Great Britain)).$pIndustrial organization ;$v12698.
=852  41$aBritish Library$bHMNTS$jYK.2018.a.7357
=856  40$uhttp://www.cepr.org/active/publications/discussion_papers/dp.php?dpno=12698
=985  \\$aAwaiting NetCat DDC
=985  \\$aLDLSCP record - no ISBN match on import to BLL01
=CAT  \\$aBATCH-LDLN$b00$c20180514$lBLL01$h2119
=CAT  \\$aBATCH-UPD$b00$c20180514$lBLL01$h2120
=CAT  \\$aBATCH-016$c20180523$lBLL01$h2147
=CAT  \\$a10999$b40$c20181211$lBLL01$h0936
=FMT  \\$a  BK
=LAS  \\$a10999$b40$c20181211$lBLL01$h0936

