=LDR  02836cam a2200493 i 4500
=001  018868372
=003  Uk
=005  20181210141618.0
=008  180413s2018\\\\enk\\\\\\b\\\\000\0\eng\c
=015  \\$aGBB889230$2bnb
=016  7\$a018868372$2Uk
=020  \\$cNo price$qpaperback
=035  \\$a(WlAbNL)99867127102419
=035  \\$a(StEdALDL)1/3684237
=035  \\$a(UkOxU)021170911
=040  \\$aStEdALDL$beng$cStEdALDL$dWlAbNL$erda
=042  \\$aukscp
=100  1\$aRodrik, Dani,$eauthor.
=245  10$aWhat do trade agreements really do? /$cDani Rodrik.
=264  \1$aLondon :$bCentre for Economic Policy Research,$c09 February 2018.
=300  \\$a25 pages ;$c21 cm.
=336  \\$atext$btxt$2rdacontent
=337  \\$aunmediated$bn$2rdamedia
=338  \\$avolume$bnc$2rdacarrier
=490  1\$aDiscussion paper series,$x0265-8003$aInternational trade and regional economics ;$vDP12703
=500  \\$a"Submitted 09 February 2018"--Title page.
=504  \\$aIncludes bibliographical references (pages 22-25).
=520  \\$a"As trade agreements have evolved and gone beyond import tariffs and quotas into regulatory rules and harmonization, they have become more difficult to fit into received economic theory. Nevertheless, most economists continue to regard trade agreements such as the Trans Pacific Partnership (TPP) favorably. The default view seems to be that these arrangements get us closer to free trade by reducing transaction costs associated with regulatory differences or explicit protectionism. An alternative perspective is that trade agreements are the result of rent-seeking, self-interested behavior on the part of politically well-connected firms - international banks, pharmaceutical companies, multinational firms. They may result in freer, mutually beneficial trade, through exchange of market access. But they are as likely to produce purely redistributive outcomes under the guise of "freer trade.""--Abstract.
=650  \0$aFree trade.
=650  \0$aCommercial policy.
=650  \0$aForeign trade regulation.
=710  2\$aCentre for Economic Policy Research (Great Britain),$eissuing body.
=830  \0$aDiscussion paper (Centre for Economic Policy Research (Great Britain)).$pInternational trade and regional economics ;$v12703.
=852  41$aBritish Library$bHMNTS$jYK.2018.a.7323
=856  40$uhttp://www.cepr.org/active/publications/discussion_papers/dp.php?dpno=12703
=985  \\$aAwaiting NetCat DDC
=985  \\$aLDLSCP record - no ISBN match on import to BLL01
=CAT  \\$aBATCH-LDLN$b00$c20180514$lBLL01$h2119
=CAT  \\$aBATCH-UPD$b00$c20180514$lBLL01$h2120
=CAT  \\$aBATCH-016$c20180523$lBLL01$h2147
=CAT  \\$a10999$b40$c20181210$lBLL01$h1416
=CAT  \\$aBATCH-UPD$b40$c20221207$lBLL01$h1027
=FMT  \\$a  BK
=LAS  \\$aBATCH-UPD$b40$c20221207$lBLL01$h1027

