=LDR  02796 am a2200493 i 4500
=001  018986789
=003  Uk
=005  20190102112941.0
=008  180615s2018\\\\enka\\\\\b\\\\000\0\eng\c
=015  \\$aGBB8D5729$2bnb
=016  7\$a018986789$2Uk
=020  \\$cNo price$qpaperback
=035  \\$a(WlAbNL)99876215302419
=035  \\$a(StEdALDL)1/3704318
=035  \\$a(UkOxU)021225907
=040  \\$aStEdALDL$beng$cStEdALDL$dWlAbNL$erda
=042  \\$aukscp
=100  10$aBeetsma, Roel M. W. J.,$eauthor.
=245  10$aIndependent fiscal councils :$brecent trends and performance /$cRoel Beetsma [and six others].
=264  \1$aLondon :$bCentre for Economic Policy Research,$c28 March 2018.
=300  \\$a25 pages :$billustrations (black and white) ;$c21 cm.
=336  \\$atext$btxt$2rdacontent
=336  \\$astill image$bsti$2rdacontent
=337  \\$aunmediated$bn$2rdamedia
=338  \\$avolume$bnc$2rdacarrier
=490  1\$aDiscussion paper series,$x0265-8003$aMacroeconomics and growth$aPublic economics ;$vDP12826
=500  \\$a"Submitted 28 March 2018"--Title page.
=504  \\$aIncludes bibliographical references (pages 24-25).
=520  \\$a"Countries increasingly rely on independent fiscal councils to constrain policymakers' discretion and curb the bias towards excessive deficits and pro-cyclical policies. Since fiscal councils are often recent and heterogeneous across countries, assessing their impact is challenging. Using the latest (2016) vintage of the IMF Fiscal Council Dataset, we focus on two tasks expected to strengthen fiscal performance: the preparation or assessment of forecasts, and the monitoring of compliance with fiscal rules. Tentative econometric evidence suggests that the presence of a fiscal council is associated with more accurate and possibly less optimistic fiscal forecasts, as well as greater compliance with fiscal rules."--Abstract.
=650  \0$aFiscal policy$xEconometric models.
=650  \0$aEconomic forecasting$xEconometric models.
=650  \0$aIndependent regulatory commissions.
=830  \0$aDiscussion paper (Centre for Economic Policy Research (Great Britain)).$pMacroeconomics and growth ;$v12826.
=830  \0$aDiscussion paper (Centre for Economic Policy Research (Great Britain)).$pPublic economics ;$v12826.
=852  41$aBritish Library$bHMNTS$jYK.2019.a.56
=856  40$uhttp://www.cepr.org/active/publications/discussion_papers/dp.php?dpno=12826
=985  \\$aAwaiting NetCat DDC
=985  \\$aLDLSCP record - no ISBN match on import to BLL01
=CAT  \\$aBATCH-LDLN$b00$c20180723$lBLL01$h2115
=CAT  \\$aBATCH-UPD$b00$c20180723$lBLL01$h2116
=CAT  \\$aBATCH-016$c20181212$lBLL01$h2157
=CAT  \\$a10999$b40$c20190102$lBLL01$h1129
=FMT  \\$a  BK
=LAS  \\$a10999$b40$c20190102$lBLL01$h1129

