=LDR  02448 am a2200481 i 4500
=001  018986790
=003  Uk
=005  20190103083225.0
=008  180615s2018\\\\enk\\\\\\b\\\\000\0\eng\c
=015  \\$aGBB8D5730$2bnb
=016  7\$a018986790$2Uk
=020  \\$cNo price$qpaperback
=035  \\$a(WlAbNL)99876215702419
=035  \\$a(StEdALDL)1/3704296
=035  \\$a(UkOxU)021225885
=040  \\$aStEdALDL$beng$cStEdALDL$dWlAbNL$erda
=042  \\$aukscp
=100  1\$aEliaz, Kfir,$eauthor.
=245  10$aIncentive compatible estimators /$cKfir Eliaz and Ran Spiegler.
=264  \1$aLondon :$bCentre for Economic Policy Research,$c22 March 2018.
=300  \\$a52 pages ;$c21 cm.
=336  \\$atext$btxt$2rdacontent
=337  \\$aunmediated$bn$2rdamedia
=338  \\$avolume$bnc$2rdacarrier
=490  1\$aDiscussion paper series,$x0265-8003$aIndustrial organization ;$vDP12804
=500  \\$a"Submitted 22 March 2018"--Title page.
=504  \\$aIncludes bibliographical references (pages 36-37).
=520  \\$a"We study a model in which a "statistician" takes an action on behalf of an agent, based on a random sample involving other people. The statistician follows a penalized regression procedure: the action that he takes is the dependent variable's estimated value given the agent's disclosed personal characteristics. We ask the following question: Is truth-telling an optimal disclosure strategy for the agent, given the statistician's procedure? We discuss possible implications of our exercise for the growing reliance on "machine learning" methods that involve explicit variable selection."--Abstract.
=650  \0$aDecision making$xEconometric models.
=650  \0$aBayesian statistical decision theory.
=650  \0$aMachine learning$xEconometric models.
=700  1\$aSpiegler, Ran,$eauthor.
=830  \0$aDiscussion paper (Centre for Economic Policy Research (Great Britain)).$pIndustrial organization ;$v12804.
=852  41$aBritish Library$bHMNTS$jYK.2019.a.124
=856  40$uhttp://www.cepr.org/active/publications/discussion_papers/dp.php?dpno=12804
=985  \\$aLDLSCP record - no ISBN match on import to BLL01
=985  \\$aAwaiting NetCat DDC
=CAT  \\$aBATCH-LDLN$b00$c20180723$lBLL01$h2115
=CAT  \\$aBATCH-UPD$b00$c20180723$lBLL01$h2116
=CAT  \\$aBATCH-016$c20181128$lBLL01$h2152
=CAT  \\$a11405$b40$c20190103$lBLL01$h0832
=FMT  \\$a  BK
=LAS  \\$a11405$b40$c20190103$lBLL01$h0832

