=LDR  03201 am a2200529 i 4500
=001  018986791
=003  Uk
=005  20190102112814.0
=008  180615s2018\\\\enka\\\\\b\\\\000\0\eng\c
=015  \\$aGBB8D5731$2bnb
=016  7\$a018986791$2Uk
=020  \\$cNo price$qpaperback
=035  \\$a(WlAbNL)99876216502419
=035  \\$a(StEdALDL)1/3704320
=035  \\$a(UkOxU)021225909
=040  \\$aStEdALDL$beng$cStEdALDL$dWlAbNL$erda
=042  \\$aukscp
=100  1\$aKrueger, Dirk,$eauthor.
=245  10$aHow much consumption insurance in Bewley Models with endogenous family labor supply? /$cDirk Kreuger and Chunzan Wu.
=264  \1$aLondon :$bCentre for Economic Policy Research,$c29 March 2018.
=300  \\$a59 pages :$billustrations (black and white) ;$c21 cm.
=336  \\$atext$btxt$2rdacontent
=336  \\$astill image$bsti$2rdacontent
=337  \\$aunmediated$bn$2rdamedia
=338  \\$avolume$bnc$2rdacarrier
=490  1\$aDiscussion paper series,$x0265-8003$aLabour economics$aPublic economics$aMonetary economics and fluctuations$aMacroeconomics and growth ;$vDP12828
=500  \\$a"Submitted 29 March 2018"--Title page.
=504  \\$aIncludes bibliographical references (pages 37-38).
=520  \\$a"We show that a calibrated life-cycle two-earner household model with endogenous labor supply can rationalize the extent of consumption insurance against shocks to male and female wages, as estimated empirically by Blundell, Pistaferri and Saporta-Eksten (2016) in U.S. data. With additively separable preferences, 43% of male and 23% of female permanent wage shocks pass through to consumption, compared to the empirical estimates of 34% and 20%. With non-separable preferences the model predicts more consumption insurance, with pass-through rates of {dollar}29% and {dollar}16%. Most of the consumption insurance against permanent male wage shocks is provided through the labor supply response of the female earner."--Abstract.
=650  \0$aConsumption (Economics)$zUnited States$xEconometric models.
=650  \0$aLabor supply$zUnited States$xEconometric models.
=650  \0$aHouseholds$xEconomic aspects$zUnited States$xEconometric models.
=700  1\$aWu, Chunzhan,$eauthor.
=830  \0$aDiscussion paper (Centre for Economic Policy Research (Great Britain)).$pPublic economics ;$v12828.
=830  \0$aDiscussion paper (Centre for Economic Policy Research (Great Britain)).$pMonetary economics and fluctuations ;$v12828.
=830  \0$aDiscussion paper (Centre for Economic Policy Research (Great Britain)).$pLabour economics ;$v12828.
=830  \0$aDiscussion paper (Centre for Economic Policy Research (Great Britain)).$pMacroeconomics and growth ;$v12828.
=852  41$aBritish Library$bHMNTS$jYK.2019.a.55
=856  40$uhttp://www.cepr.org/active/publications/discussion_papers/dp.php?dpno=12828
=985  \\$aAwaiting NetCat DDC
=985  \\$aLDLSCP record - no ISBN match on import to BLL01
=CAT  \\$aBATCH-LDLN$b00$c20180723$lBLL01$h2115
=CAT  \\$aBATCH-UPD$b00$c20180723$lBLL01$h2116
=CAT  \\$aBATCH-016$c20181212$lBLL01$h2157
=CAT  \\$a10999$b40$c20190102$lBLL01$h1128
=FMT  \\$a  BK
=LAS  \\$a10999$b40$c20190102$lBLL01$h1128

