=LDR  02550 am a2200481 i 4500
=001  018986792
=003  Uk
=005  20190103082319.0
=008  180615s2018\\\\enk\\\\\\b\\\\000\0\eng\c
=015  \\$aGBB8D5732$2bnb
=016  7\$a018986792$2Uk
=020  \\$cNo price$qpaperback
=035  \\$a(WlAbNL)99876218002419
=035  \\$a(StEdALDL)1/3704261
=035  \\$a(UkOxU)021225851
=040  \\$aStEdALDL$beng$cStEdALDL$dWlAbNL$erda
=042  \\$aukscp
=100  10$aFarmer, Roger E. A.,$eauthor.
=245  14$aThe household fallacy /$cRoger E A Farmer and Pawel Zabczyk.
=264  \1$aLondon :$bCentre for Economic Policy Research,$c03 March 2018.
=300  \\$a17 pages ;$c21 cm.
=336  \\$atext$btxt$2rdacontent
=337  \\$aunmediated$bn$2rdamedia
=338  \\$avolume$bnc$2rdacarrier
=490  1\$aDiscussion paper series,$x0265-8003$aMonetary economics and fluctuations ;$vDP12770
=500  \\$a"Submitted 03 March 2018"--Title page.
=504  \\$aIncludes bibliographical references (page 8).
=520  \\$a"We refer to the idea that government must 'tighten its belt' as a necessary policy response to higher indebtedness as the household fallacy. We provide a reason to be skeptical of this claim that holds even if the economy always operates at full employment and all markets clear. Our argument rests on the fact that, in an overlapping-generations (OLG) model, changes in government debt cause changes in the real interest rate that redistribute the burden of repayment across generations. We do not rely on the assumption that the equilibrium is dynamically inefficient, and our argument holds in a version of the OLG model where the real interest rate is always positive."--Abstract.
=650  \0$aDebts, Public$xEconometric models.
=650  \0$aFiscal policy$xEconometric models.
=650  \0$aInterest rates$xEconometric models.
=700  1\$aZabczyk, Pawel,$eauthor.
=830  \0$aDiscussion paper (Centre for Economic Policy Research (Great Britain)).$pMonetary economics and fluctuations ;$v12770.
=852  41$aBritish Library$bHMNTS$jYK.2019.a.117
=856  40$uhttp://www.cepr.org/active/publications/discussion_papers/dp.php?dpno=12770
=985  \\$aLDLSCP record - no ISBN match on import to BLL01
=985  \\$aAwaiting NetCat DDC
=CAT  \\$aBATCH-LDLN$b00$c20180723$lBLL01$h2115
=CAT  \\$aBATCH-UPD$b00$c20180723$lBLL01$h2116
=CAT  \\$aBATCH-016$c20181128$lBLL01$h2152
=CAT  \\$a11405$b40$c20190103$lBLL01$h0823
=FMT  \\$a  BK
=LAS  \\$a11405$b40$c20190103$lBLL01$h0823

