=LDR  02512 am a2200481 i 4500
=001  018986793
=003  Uk
=005  20190102111924.0
=008  180615s2018\\\\enk\\\\\\b\\\\000\0\eng\c
=015  \\$aGBB8D5733$2bnb
=016  7\$a018986793$2Uk
=020  \\$cNo price$qpaperback
=035  \\$a(WlAbNL)99876218602419
=035  \\$a(StEdALDL)1/3704264
=035  \\$a(UkOxU)021225854
=040  \\$aStEdALDL$beng$cStEdALDL$dWlAbNL$erda
=042  \\$aukscp
=100  1\$aJullien, Bruno,$eauthor.
=245  10$aHorizontal mergers and innovation /$cBruno Jullien and Yassine Lefouili.
=264  \1$aLondon :$bCentre for Economic Policy Research,$c06 March 2018.
=300  \\$a34 pages ;$c21 cm.
=336  \\$atext$btxt$2rdacontent
=337  \\$aunmediated$bn$2rdamedia
=338  \\$avolume$bnc$2rdacarrier
=490  1\$aDiscussion paper series,$x0265-8003$aIndustrial organization ;$vDP12773
=500  \\$a"Submitted 06 March 2018"--Title page.
=504  \\$aIncludes bibliographical references (pages 28-29).
=520  \\$a"This paper discusses the effects of horizontal mergers on innovation. We rely on the existing academic literature and our own research work to present the various positive and negative effects of mergers on innovation. Our analysis shows that the overall impact of a merger on innovation may be either positive or negative and sheds light on the circumstances under which each of these scenarios is likely to arise. We derive a number of policy implications regarding the way innovation effects should be handled by competition authorities in merger control and highlight the differences with the analysis of price effects."--Abstract.
=650  \0$aConsolidation and merger of corporations.
=650  \0$aTechnological innovations$xEconomic aspects.
=650  \0$aResearch, Industrial$xEconomic aspects.
=700  1\$aLefouili, Yassine,$eauthor.
=830  \0$aDiscussion paper (Centre for Economic Policy Research (Great Britain)).$pIndustrial organization ;$v12773.
=852  41$aBritish Library$bHMNTS$jYK.2019.a.49
=856  40$uhttp://www.cepr.org/active/publications/discussion_papers/dp.php?dpno=12773
=985  \\$aAwaiting NetCat DDC
=985  \\$aLDLSCP record - no ISBN match on import to BLL01
=CAT  \\$aBATCH-LDLN$b00$c20180723$lBLL01$h2115
=CAT  \\$aBATCH-UPD$b00$c20180723$lBLL01$h2116
=CAT  \\$aBATCH-016$c20181212$lBLL01$h2157
=CAT  \\$a10999$b40$c20190102$lBLL01$h1119
=FMT  \\$a  BK
=LAS  \\$a10999$b40$c20190102$lBLL01$h1119

