=LDR  02542 am a2200481 i 4500
=001  018986794
=003  Uk
=005  20190102115151.0
=008  180615s2018\\\\enka\\\\\b\\\\000\0\eng\c
=015  \\$aGBB8D5734$2bnb
=016  7\$a018986794$2Uk
=020  \\$cNo price$qpaperback
=035  \\$a(WlAbNL)99876220902419
=035  \\$a(StEdALDL)1/3704308
=035  \\$a(UkOxU)021225897
=040  \\$aStEdALDL$beng$cStEdALDL$dWlAbNL$erda
=042  \\$aukscp
=100  1\$aHinnosaar, Marit,$eauthor.
=245  10$aHow long do healthy habits last? :$bThe role of prices /$cMarit Hinnosaar.
=264  \1$aLondon :$bCentre for Economic Policy Research,$c24 March 2018.
=300  \\$a42 pages :$billustrations (black and white) ;$c21 cm.
=336  \\$atext$btxt$2rdacontent
=336  \\$astill image$bsti$2rdacontent
=337  \\$aunmediated$bn$2rdamedia
=338  \\$avolume$bnc$2rdacarrier
=490  1\$aDiscussion paper series,$x0265-8003$aIndustrial organization ;$vDP12815
=500  \\$a"Submitted 24 March 2018"--Title page.
=504  \\$aIncludes bibliographical references (pages 17-19).
=520  \\$a"When a policy gives temporary incentives for healthy behaviors, how long does the impact last? I study the U.S. Special Supplemental Nutrition Program for Women, Infants, and Children, which gives vouchers for healthy foods. Using household-level scanner data, I find that the effect of the program diminishes when households become ineligible. Demand model estimates show that price differences between healthy and unhealthy foods play a large role in the decrease of the program's impact. The estimates imply that the program has a persistent effect, in that it increases the impact of subsequent policies like subsidies on healthy foods."--Abstract.
=650  \0$aFood preferences$xHealth aspects$zUnited States.
=650  \0$aFood prices$zUnited States.
=650  \0$aIncentive (Psychology)
=830  \0$aDiscussion paper (Centre for Economic Policy Research (Great Britain)).$pIndustrial organization ;$v12815.
=852  41$aBritish Library$bHMNTS$jYK.2019.a.62
=856  40$uhttp://www.cepr.org/active/publications/discussion_papers/dp.php?dpno=12815
=985  \\$aAwaiting NetCat DDC
=985  \\$aLDLSCP record - no ISBN match on import to BLL01
=CAT  \\$aBATCH-LDLN$b00$c20180723$lBLL01$h2115
=CAT  \\$aBATCH-UPD$b00$c20180723$lBLL01$h2116
=CAT  \\$aBATCH-016$c20181212$lBLL01$h2157
=CAT  \\$a10999$b40$c20190102$lBLL01$h1151
=FMT  \\$a  BK
=LAS  \\$a10999$b40$c20190102$lBLL01$h1151

