=LDR  02571 am a2200469 i 4500
=001  018986795
=003  Uk
=005  20190103083322.0
=008  180615s2018\\\\enk\\\\\\b\\\\000\0\eng\c
=015  \\$aGBB8D5735$2bnb
=016  7\$a018986795$2Uk
=020  \\$cNo price$qpaperback
=035  \\$a(WlAbNL)99876221402419
=035  \\$a(StEdALDL)1/3704297
=035  \\$a(UkOxU)021225886
=040  \\$aStEdALDL$beng$cStEdALDL$dWlAbNL$erda
=042  \\$aukscp
=100  1\$aSpiegler, Ran,$eauthor.
=245  10$aNews and archival information in games /$cRan Spiegler.
=264  \1$aLondon :$bCentre for Economic Policy Research,$c22 March 2018.
=300  \\$a42 pages ;$c21 cm.
=336  \\$atext$btxt$2rdacontent
=337  \\$aunmediated$bn$2rdamedia
=338  \\$avolume$bnc$2rdacarrier
=490  1\$aDiscussion paper series,$x0265-8003$aIndustrial organization ;$vDP12805
=500  \\$a"Submitted 22 March 2018"--Title page.
=504  \\$aIncludes bibliographical references (pages 40-42).
=520  \\$a"I enrich the typology of players in the standard model of games with incomplete information, by allowing them to have incomplete "archival information" -- namely, piecemeal knowledge of correlations among relevant variables. A player is characterized by the conventional Harsanyi type (a.k.a "news-information") as well as the novel "archive-information", formalized as a collection of subsets of variables. The player can only learn the marginal distributions over these subsets of variables. The player extrapolates a well-specified probabilistic belief according to the maximum-entropy criterion. This formalism expands our ability to capture strategic situations with "boundedly rational expectations." I demonstrate the expressive power and use of this formalism with some examples."--Abstract.
=650  \0$aDecision making$xEconometric models.
=650  \0$aInformation theory in economics.
=650  \0$aGame theory.
=830  \0$aDiscussion paper (Centre for Economic Policy Research (Great Britain)).$pIndustrial organization ;$v12805.
=852  41$aBritish Library$bHMNTS$jYK.2019.a.125
=856  40$uhttp://www.cepr.org/active/publications/discussion_papers/dp.php?dpno=12805
=985  \\$aLDLSCP record - no ISBN match on import to BLL01
=985  \\$aAwaiting NetCat DDC
=CAT  \\$aBATCH-LDLN$b00$c20180723$lBLL01$h2115
=CAT  \\$aBATCH-UPD$b00$c20180723$lBLL01$h2116
=CAT  \\$aBATCH-016$c20181128$lBLL01$h2152
=CAT  \\$a11405$b40$c20190103$lBLL01$h0833
=FMT  \\$a  BK
=LAS  \\$a11405$b40$c20190103$lBLL01$h0833

