=LDR  03290 am a2200481 i 4500
=001  018986799
=003  Uk
=005  20190102114624.0
=008  180615s2018\\\\enk\\\\\\b\\\\000\0\eng\c
=015  \\$aGBB8D5739$2bnb
=016  7\$a018986799$2Uk
=020  \\$cNo price$qpaperback
=035  \\$a(WlAbNL)99876225802419
=035  \\$a(StEdALDL)1/3704307
=035  \\$a(UkOxU)021225896
=040  \\$aStEdALDL$beng$cStEdALDL$dWlAbNL$erda
=042  \\$aukscp
=100  1\$aKanbur, S. M. Ravi,$d1954-$eauthor.
=245  10$aOn the volume of redistribution :$bacross income levels and across groups /$cRavi Kanbur.
=264  \1$aLondon :$bCentre for Economic Policy Research,$c25 March 2018.
=300  \\$a15 pages ;$c21 cm.
=336  \\$atext$btxt$2rdacontent
=337  \\$aunmediated$bn$2rdamedia
=338  \\$avolume$bnc$2rdacarrier
=490  1\$aDiscussion paper series,$x0265-8003$aDevelopment economics$aPublic economics ;$vDP12816
=500  \\$a"Submitted 25 March 2018"--Title page.
=504  \\$aIncludes bibliographical references (pages 14-15).
=520  \\$a"The optimal income taxation literature focuses on the tradeoff between the equity gains of higher progressivity versus its greater incentive costs at the individual level. This paper highlights a neglected aspect of redistribution-greater progressivity requires a higher volume of gross redistributive flows, across income levels. If these flows are costly to manage, administratively or politically, then progressivity will be lower. Moreover if redistribution across income levels implies redistribution across socio-politically salient groups because of the way in which these groups line up relative to the income distribution, this can be an added cost in the objective function and progressivity is further disadvantaged. The paper develops a simple framework in which these questions can be addressed. Among the many interesting results is that when the capacity for the volume of redistributive flows, across income levels or across socio-political groups, is reached, an increase in market inequality can lead to a fall in progressivity in the tax-transfer regime without any change in the government's preferences for equity. A focus on the volume of redistribution thus opens up an important set of theoretical and empirical questions for analysis and for policy."--Abstract.
=650  \0$aIncome tax$xEconometric models.
=650  \0$aIncome distribution$xCosts$xEconometric models.
=650  \0$aIncome distribution$xPolitical aspects$xEconometric models.
=830  \0$aDiscussion paper (Centre for Economic Policy Research (Great Britain)).$pDevelopment economics ;$v12816.
=830  \0$aDiscussion paper (Centre for Economic Policy Research (Great Britain)).$pPublic economics ;$v12816.
=852  41$aBritish Library$bHMNTS$jYK.2019.a.61
=856  40$uhttp://www.cepr.org/active/publications/discussion_papers/dp.php?dpno=12816
=985  \\$aAwaiting NetCat DDC
=985  \\$aLDLSCP record - no ISBN match on import to BLL01
=CAT  \\$aBATCH-LDLN$b00$c20180723$lBLL01$h2115
=CAT  \\$aBATCH-UPD$b00$c20180723$lBLL01$h2116
=CAT  \\$aBATCH-016$c20181212$lBLL01$h2157
=CAT  \\$a10999$b40$c20190102$lBLL01$h1146
=FMT  \\$a  BK
=LAS  \\$a10999$b40$c20190102$lBLL01$h1146

