=LDR  03129 am a2200529 i 4500
=001  019005410
=003  Uk
=005  20190102110140.0
=008  180619s2018\\\\enkab\\\\b\\\\000\0\eng\c
=015  \\$aGBB8E4301$2bnb
=016  7\$a019005410$2Uk
=020  \\$cNo price$qpaperback
=035  \\$a(WlAbNL)99877922702419
=035  \\$a(StEdALDL)1/3704451
=035  \\$a(UkOxU)021234762
=040  \\$aStEdALDL$beng$cStEdALDL$dWlAbNL$erda
=042  \\$aukscp
=100  1\$aBerlepsch, Viola von,$eauthor.
=245  12$aA woman's touch? :$bFemale migration and economic development in the United States /$cViola von Berlepsch, Andrés Rodríguez-Pose, and Neil Lee.
=264  \1$aLondon :$bCentre for Economic Policy Research,$c17 April 2018.
=300  \\$a34 pages :$billustrations (black and white), maps (black and white) ;$c21 cm.
=336  \\$atext$btxt$2rdacontent
=336  \\$astill image$bsti$2rdacontent
=336  \\$acartographic image$bcri$2rdacontent
=337  \\$aunmediated$bn$2rdamedia
=338  \\$avolume$bnc$2rdacarrier
=490  1\$aDiscussion paper series,$x0265-8003$aInternational trade and regional economics ;$vDP12878
=500  \\$a"Submitted 17 April 2018"--Title page.
=504  \\$aIncludes bibliographical references (pages 22-25).
=520  \\$a"Does the economic effect of immigrant women differ from that of immigrants in general? This paper examines if gender has influenced the short- and long-term economic impact of mass migration to the US, using Census microdata from 1880 and 1910. By means of ordinary least squares and instrumental variable estimations, the analysis shows that a greater concentration of immigrant women is significantly associated with lower levels of economic development in US counties. However, immigrant women also shaped economic development positively, albeit indirectly, via their children. Communities with more children born to foreign mothers and that successfully managed to integrate female immigrants experienced greater economic growth than those dominated by children of foreign-born fathers or American-born parents."--Abstract.
=650  \0$aWomen immigrants$xEconomic aspects$zUnited States$xHistory.
=650  \0$aWomen foreign workers$zUnited States$xHistory.
=650  \0$aWomen in development$zUnited States$xHistory.
=650  \0$aEconomic development$zUnited States$xHistory.
=700  1\$aRodríguez-Pose, Andrés,$eauthor.
=700  1\$aLee, Neil$c(Economist),$eauthor.
=830  \0$aDiscussion paper (Centre for Economic Policy Research (Great Britain)).$pInternational trade and regional economics ;$vno. 12878.
=852  41$aBritish Library$bHMNTS$jYK.2019.a.37
=856  40$uhttp://www.cepr.org/active/publications/discussion_papers/dp.php?dpno=12878
=985  \\$aAwaiting NetCat DDC
=985  \\$aLDLSCP record - no ISBN match on import to BLL01
=CAT  \\$aBATCH-LDLN$b00$c20180806$lBLL01$h2112
=CAT  \\$aBATCH-UPD$b00$c20180806$lBLL01$h2112
=CAT  \\$aBATCH-016$c20181212$lBLL01$h2157
=CAT  \\$a10999$b40$c20190102$lBLL01$h1101
=FMT  \\$a  BK
=LAS  \\$a10999$b40$c20190102$lBLL01$h1101

