=LDR  02975 am a2200541 i 4500
=001  019005411
=003  Uk
=005  20190103084012.0
=008  180615s2018\\\\enkab\\\\b\\\\000\0\eng\c
=015  \\$aGBB8E4302$2bnb
=016  7\$a019005411$2Uk
=020  \\$cNo price$qpaperback
=035  \\$a(WlAbNL)99877923202419
=035  \\$a(StEdALDL)1/3704282
=035  \\$a(UkOxU)021225871
=040  \\$aStEdALDL$beng$cStEdALDL$dWlAbNL$erda
=042  \\$aukscp
=100  1\$aCasarico, Alessandra,$eauthor.
=245  10$aWhat drives the legalization of immigrants? :$bEvidence from IRCA /$cAlessandra Casarico, Giovanni Facchini and Tommaso Frattini.
=264  \1$aLondon :$bCentre for Economic Policy Research,$c12 March 2018.
=300  \\$a46 pages :$billustrations (black and white), maps (black and white) ;$c21 cm.
=336  \\$atext$btxt$2rdacontent
=336  \\$astill image$bsti$2rdacontent
=336  \\$acartographic image$bcri$2rdacontent
=337  \\$aunmediated$bn$2rdamedia
=338  \\$avolume$bnc$2rdacarrier
=490  1\$aDiscussion paper series,$x0265-8003$aLabour economics$aInternational trade and regional economics ;$vDP12790
=500  \\$a"Submitted 12 March 2018"--Title page.
=504  \\$aIncludes bibliographical references (pages 32-37).
=520  \\$a"We develop a model to understand the trade-offs faced by an elected representative in supporting an amnesty when a restrictive immigration policy is in place. We show that an amnesty is more desirable the more restricted are the occupational opportunities of undocumented immigrants and the smaller is the fiscal leakage to undocumented immigrants via the welfare state. Empirical evidence based on the voting behaviour of U.S. Congressmen on the Immigration Reform and Control Act of 1986 provides strong support for the predictions of our theoretical model."--Abstract.
=650  \0$aForeign workers$zUnited States$xEconometric models.
=650  \0$aIllegal aliens$xGovernment policy$zUnited States$xEconometric models.
=650  \0$aAmnesty.
=651  \0$aUnited States$xEmigration and immigration$xGovernment policy.
=700  1\$aFacchini, Giovanni,$eauthor.
=700  1\$aFrattini, Tommaso,$eauthor.
=830  \0$aDiscussion paper (Centre for Economic Policy Research (Great Britain)).$pLabour economics ;$vno. 12790.
=830  \0$aDiscussion paper (Centre for Economic Policy Research (Great Britain)).$pInternational trade and regional economics ;$vno. 12790.
=852  41$aBritish Library$bHMNTS$jYK.2019.a.132
=856  40$uhttp://www.cepr.org/active/publications/discussion_papers/dp.php?dpno=12790
=985  \\$aLDLSCP record - no ISBN match on import to BLL01
=985  \\$aAwaiting NetCat DDC
=CAT  \\$aBATCH-LDLN$b00$c20180806$lBLL01$h2112
=CAT  \\$aBATCH-UPD$b00$c20180806$lBLL01$h2112
=CAT  \\$aBATCH-016$c20181128$lBLL01$h2152
=CAT  \\$a11405$b40$c20190103$lBLL01$h0840
=FMT  \\$a  BK
=LAS  \\$a11405$b40$c20190103$lBLL01$h0840

