=LDR  03821 am a2200529 i 4500
=001  019005412
=003  Uk
=005  20190103083512.0
=008  180615s2018\\\\enka\\\\\b\\\\000\0\eng\c
=015  \\$aGBB8E4303$2bnb
=016  7\$a019005412$2Uk
=020  \\$cNo price$qpaperback
=035  \\$a(WlAbNL)99877923402419
=035  \\$a(StEdALDL)1/3704291
=035  \\$a(UkOxU)021225880
=040  \\$aStEdALDL$beng$cStEdALDL$dWlAbNL$erda
=042  \\$aukscp
=100  1\$aGarbinti, Bertrand,$eauthor.
=245  10$aIncome inequality in France, 1900-2014 :$bevidence from Distributional National Accounts (DINA) /$cBertrand Garbinti, Jonathan Goupille-Lebret and Thomas Piketty.
=264  \1$aLondon :$bCentre for Economic Policy Research,$c20 March 2018.
=300  \\$a45 pages, 41 unnumbered pages :$billustrations (black and white) ;$c21 cm.
=336  \\$atext$btxt$2rdacontent
=336  \\$astill image$bsti$2rdacontent
=337  \\$aunmediated$bn$2rdamedia
=338  \\$avolume$bnc$2rdacarrier
=490  1\$aDiscussion paper series,$x0265-8003$aEconomic history$aPublic economics ;$vDP12799
=500  \\$a"Submitted 20 March 2018"--Title page.
=504  \\$aIncludes bibliographical references (pages 42-45).
=520  \\$a"This paper presents "Distributional National Accounts" (DINA) for France. That is, we combine national accounts, tax and survey data in a comprehensive and consistent manner to build homogenous annual series on the distribution of national income by percentiles over the 1900-2014 period, with detailed breakdown by age, gender and income categories over the 1970-2014 period. Our DINA-based estimates allow for a much richer analysis of the long-run pattern found in previous tax-based series, i.e. a long-run decline in income inequality, largely due to a sharp drop in the concentration of wealth and capital income following the 1914-1945 capital shocks. First, our new series deliver higher inequality levels than the usual tax-based series for the recent decades, because the latter miss a rising part of capital income. Growth incidence curves look dramatically different for the 1950-1983 and 1983-2014 sub-periods. We also show that it has become increasingly difficult in recent decades to access top wealth groups with labor income only. Next, gender inequality in labor income declined in recent decades, albeit fairly slowly among top labor incomes E.g. female share among top 0.1% earners was only 12% in 2012 (vs. 7% in 1994 and 5% in 1970). Finally, we find that distributional changes can have large impact on comparisons of well-being across countries. E.g. average pre-tax income among bottom 50% adults is 30% larger in France than in the U.S., in spite of the fact that aggregate per adult national income is 30% smaller in France."--Abstract.
=650  \0$aIncome distribution$zFrance.
=650  \0$aWealth$zFrance.
=650  \0$aWage differentials$zFrance.
=650  \0$aNational income$zFrance$xAccounting.
=700  1\$aGoupille-Lebret, Jonathan,$eauthor.
=700  1\$aPiketty, Thomas,$d1971-$eauthor.
=830  \0$aDiscussion paper (Centre for Economic Policy Research (Great Britain)).$pEconomic history ;$vno. 12799.
=830  \0$aDiscussion paper (Centre for Economic Policy Research (Great Britain)).$pPublic economics ;$vno. 12799.
=852  41$aBritish Library$bHMNTS$jYK.2019.a.127
=856  40$uhttp://www.cepr.org/active/publications/discussion_papers/dp.php?dpno=12799
=985  \\$aLDLSCP record - no ISBN match on import to BLL01
=985  \\$aAwaiting NetCat DDC
=CAT  \\$aBATCH-LDLN$b00$c20180806$lBLL01$h2112
=CAT  \\$aBATCH-UPD$b00$c20180806$lBLL01$h2112
=CAT  \\$aBATCH-016$c20181128$lBLL01$h2152
=CAT  \\$a11405$b40$c20190103$lBLL01$h0835
=FMT  \\$a  BK
=LAS  \\$a11405$b40$c20190103$lBLL01$h0835

