=LDR  02997 am a2200517 i 4500
=001  019005413
=003  Uk
=005  20190102110937.0
=008  180615s2018\\\\enka\\\\\b\\\\000\0\eng\c
=015  \\$aGBB8E4304$2bnb
=016  7\$a019005413$2Uk
=020  \\$cNo price$qpaperback
=035  \\$a(WlAbNL)99877923602419
=035  \\$a(StEdALDL)1/3704268
=035  \\$a(UkOxU)021225857
=040  \\$aStEdALDL$beng$cStEdALDL$dWlAbNL$erda
=042  \\$aukscp
=100  1\$aBadia-Miró, Marc,$eauthor.
=245  14$aThe informational effects of tightening oil and gas disclosure rules /$cMarc Badia, Miguel Duro, Bjorn N. Jorgensen and Gaizka Ormazabal.
=264  \1$aLondon :$bCentre for Economic Policy Research,$c07 March 2018.
=300  \\$a57 pages :$billustrations (black and white) ;$c21 cm.
=336  \\$atext$btxt$2rdacontent
=336  \\$astill image$bsti$2rdacontent
=337  \\$aunmediated$bn$2rdamedia
=338  \\$avolume$bnc$2rdacarrier
=490  1\$aDiscussion paper series,$x0265-8003$aFinancial economics ;$vDP12776
=500  \\$a"Submitted 07 March 2018"--Title page.
=504  \\$aIncludes bibliographical references (pages 34-37).
=520  \\$a"We exploit two regulatory shocks to examine the informational effects of tightening pre-existing mandatory disclosure rules. Canadian Rule NI 51-101 and the US "Modernization of Oil and Gas Reporting" introduced a quasi-identical tightening of the rules governing oil and gas reserve disclosures in Canada and the US at different times. Both in Canada and the US, we document significant changes in firms' reporting outcomes when the new regulation is introduced. We also find that the reserve disclosures filed under the new regulations are more closely associated with stock price changes and with decreases in bid-ask spreads. Our findings are robust to controlling for other confounding factors such as time trends, other information disclosed simultaneously, financial reporting incentives, mispricing and monitoring efforts."--Abstract.
=650  \0$aPetroleum reserves$xEconomic aspects$zNorth America.
=650  \0$aNatural gas reserves$xEconomic aspects$zNorth America.
=650  \0$aDisclosure in accounting$zNorth America.
=700  1\$aDuro, Miguel$c(Lecturer in accounting),$eauthor.
=700  1\$aJorgensen, Bjorn N.,$eauthor.
=700  1\$aOrmazabal, Gaizka,$eauthor.
=830  \0$aDiscussion paper (Centre for Economic Policy Research (Great Britain)).$pFinancial economics ;$vno. 12776.
=852  41$aBritish Library$bHMNTS$jYK.2019.a.42
=856  40$uhttp://www.cepr.org/active/publications/discussion_papers/dp.php?dpno=12776
=985  \\$aAwaiting NetCat DDC
=985  \\$aLDLSCP record - no ISBN match on import to BLL01
=CAT  \\$aBATCH-LDLN$b00$c20180806$lBLL01$h2112
=CAT  \\$aBATCH-UPD$b00$c20180806$lBLL01$h2112
=CAT  \\$aBATCH-016$c20181212$lBLL01$h2157
=CAT  \\$a10999$b40$c20190102$lBLL01$h1109
=FMT  \\$a  BK
=LAS  \\$a10999$b40$c20190102$lBLL01$h1109

