=LDR  03066cam a2200517 i 4500
=001  019005414
=003  Uk
=005  20190102105718.0
=008  180615s2018\\\\enka\\\\\b\\\\000\0\eng\c
=015  \\$aGBB8E4305$2bnb
=016  7\$a019005414$2Uk
=020  \\$cNo price$qpaperback
=035  \\$a(WlAbNL)99877923702419
=035  \\$a(StEdALDL)1/3704286
=035  \\$a(UkOxU)021225875
=040  \\$aStEdALDL$beng$cStEdALDL$dWlAbNL$erda
=042  \\$aukscp
=100  1\$aAlfaro, Laura,$eauthor.
=245  10$aOn the direct and indirect real effects of credit supply shocks /$cLaura Alfaro, Manuel García-Santana and Enrique Moral-Benito.
=264  \1$aLondon :$bCentre for Economic Policy Research,$c15 March 2018.
=300  \\$a50 pages :$billustrations (black and white) ;$c21 cm.
=336  \\$atext$btxt$2rdacontent
=336  \\$astill image$bsti$2rdacontent
=337  \\$aunmediated$bn$2rdamedia
=338  \\$avolume$bnc$2rdacarrier
=490  1\$aDiscussion paper series,$x0265-8003$aFinancial economics ;$vDP12794
=500  \\$a"15 March 2018"--Title page.
=504  \\$aIncludes bibliographical references (pages 36-38).
=520  \\$a"We consider the real effects of bank lending shocks and how they permeate the economy through buyer-supplier linkages. We combine administrative data on all firms in Spain with a matched bank-firm-loan dataset on the universe of corporate loans for 2003-2013 to identify bank-specific shocks for each year using methods from the matched employer-employee literature. Combining firm-specific measures of upstream and downstream exposure, we construct firm-specific exogenous credit supply shocks and estimate their direct and indirect effects on real activity. Credit supply shocks have sizable direct and downstream propagation effects on investment and output throughout the period but no significant impact on employment during the expansion period. Downstream propagation effects are comparable or even larger in magnitude than direct effects. The results corroborate the importance of network effects in quantifying the real effects of credit shocks and show that real effects vary during booms and contractions."--Abstract.
=650  \0$aBank loans$zSpain.
=650  \0$aCredit$zSpain.
=650  \0$aUnemployment$zSpain.
=700  1\$aGarcia-Santana, Manuel,$eauthor.
=700  1\$aMoral-Benito, Enrique,$eauthor.
=830  \0$aDiscussion paper (Centre for Economic Policy Research (Great Britain)).$pFinancial economics ;$vno. 12794.
=852  41$aBritish Library$bHMNTS$jYK.2019.a.34
=856  40$uhttp://www.cepr.org/active/publications/discussion_papers/dp.php?dpno=12794
=985  \\$aAwaiting NetCat DDC
=985  \\$aLDLSCP record - no ISBN match on import to BLL01
=CAT  \\$aBATCH-LDLN$b00$c20180806$lBLL01$h2112
=CAT  \\$aBATCH-UPD$b00$c20180806$lBLL01$h2112
=CAT  \\$aBATCH-016$c20181212$lBLL01$h2157
=CAT  \\$a10999$b40$c20190102$lBLL01$h1057
=CAT  \\$aBATCH-UPD$b40$c20221110$lBLL01$h2055
=FMT  \\$a  BK
=LAS  \\$aBATCH-UPD$b40$c20221110$lBLL01$h2055

