=LDR  02930 am a2200505 i 4500
=001  019005415
=003  Uk
=005  20190102134214.0
=008  180619s2018\\\\enka\\\\\b\\\\000\0\eng\c
=015  \\$aGBB8E4306$2bnb
=016  7\$a019005415$2Uk
=020  \\$cNo price$qpaperback
=035  \\$a(WlAbNL)99877928402419
=035  \\$a(StEdALDL)1/3704414
=035  \\$a(UkOxU)021234727
=040  \\$aStEdALDL$beng$cStEdALDL$dWlAbNL$erda
=042  \\$aukscp
=100  1\$aWijnbergen, Sweder van,$d1951-$eauthor.
=245  10$aOn real interest rates, tariff policy, exchange rates and the ZLB /$cSweder van Wijnbergen.
=246  3\$aOn real interest rates, tariff policy, exchange rates and the Zero Lower Bound
=264  \1$aLondon :$bCentre for Economic Policy Research,$c02 April 2018.
=300  \\$a45 pages :$billustrations (black and white) ;$c21 cm.
=336  \\$atext$btxt$2rdacontent
=336  \\$astill image$bsti$2rdacontent
=337  \\$aunmediated$bn$2rdamedia
=338  \\$avolume$bnc$2rdacarrier
=490  1\$aDiscussion paper series,$x0265-8003$aInternational macroeconomics and finance ;$vDP12837
=500  \\$a"Submitted 02 April 2018"--Title page.
=504  \\$aIncludes bibliographical references (pages 44-45).
=520  \\$a"What could be the drivers of low real rates? What are the implications of the Zero Lower Bound for economic policy? To discuss these questions we introduce a full general equilibrium model of the world economy with a simple (2 period) intertemporal structure. The model is simple enough to allow for full analytical solution yet sufficiently complex to allow us to address the impact of anticipated future productivity slow down, aging, structural reform and fiscal policy on real interest rates if markets clear and on aggregate economic activity if they do not because of the ZLB. We extend both the equilibrium model and the ZLB variant to a more-goods-per-period set up with complete specialization to address (real) exchange rate policy and the macroeconomic impact of trade tariffs."--Abstract.
=650  \0$aForeign exchange rates$xEconometric models.
=650  \0$aInterest rates$xEconometric models.
=650  \0$aTariff preferences$xEconometric models.
=830  \0$aDiscussion paper (Centre for Economic Policy Research (Great Britain)).$pInternational macroeconomics and finance ;$vno. 12837.
=852  41$aBritish Library$bHMNTS$jYK.2019.a.84
=856  40$uhttp://www.cepr.org/active/publications/discussion_papers/dp.php?dpno=12837
=985  \\$aAwaiting NetCat DDC
=985  \\$aLDLSCP record - no ISBN match on import to BLL01
=CAT  \\$aBATCH-LDLN$b00$c20180806$lBLL01$h2112
=CAT  \\$aBATCH-UPD$b00$c20180806$lBLL01$h2112
=CAT  \\$aBATCH-016$c20181212$lBLL01$h2157
=CAT  \\$a10999$b40$c20190102$lBLL01$h1342
=CAT  \\$aBATCH-UPD$b40$c20191023$lBLL01$h1742
=FMT  \\$a  BK
=LAS  \\$aBATCH-UPD$b40$c20191023$lBLL01$h1742

