=LDR  02775 am a2200505 i 4500
=001  019005416
=003  Uk
=005  20190103083744.0
=008  180619s2018\\\\enka\\\\\b\\\\000\0\eng\c
=015  \\$aGBB8E4307$2bnb
=016  7\$a019005416$2Uk
=020  \\$cNo price$qpaperback
=035  \\$a(WlAbNL)99877928602419
=035  \\$a(StEdALDL)1/3704456
=035  \\$a(UkOxU)021234765
=040  \\$aStEdALDL$beng$cStEdALDL$dWlAbNL$erda
=042  \\$aukscp
=100  1\$aFugazza, Marco,$eauthor.
=245  10$aOn the heterogeneous effects of market access barriers :$bevidence from small and large Peruvian exporters /$cMarco Fugazza, Marcelo Olarreaga and Cristian Ugarte.
=264  \1$aLondon :$bCentre for Economic Policy Research,$c17 April 2018.
=300  \\$a49 pages :$billustrations (black and white) ;$c21 cm.
=336  \\$atext$btxt$2rdacontent
=336  \\$astill image$bsti$2rdacontent
=337  \\$aunmediated$bn$2rdamedia
=338  \\$avolume$bnc$2rdacarrier
=490  1\$aDiscussion paper series,$x0265-8003$aInternational trade and regional economics ;$vDP12876
=500  \\$a"Submitted 17 April 2018"--Title page.
=504  \\$aIncludes bibliographical references (pages 21-23).
=520  \\$a"We examine the extent to which market-access barriers in Latin America affect small and large Peruvian exporters to the region. Using a dataset that allows us to distinguish between tariffs and different types of non-tariff measures introduced by Latin American countries between 2000 and 2014, we find that large Peruvian exporters benefit rather than lose from the introduction of tariffs and non-tariff measures in their destination markets. Their export value increases and the probability that they exit the export sector decreases as they face new market-access barriers abroad. The reverse is true for small exporters, which are hurt by more stringent market-access barriers."--Abstract.
=650  \0$aExports$zPeru.
=650  \0$aTariff$xEconomic aspects.
=650  \0$aForeign trade regulation.
=700  1\$aOlarreaga, M.$q(Marcelo),$eauthor.
=700  1\$aUgarte, Cristian,$eauthor.
=830  \0$aDiscussion paper (Centre for Economic Policy Research (Great Britain)).$pInternational trade and regional economics ;$vno. 12876.
=852  41$aBritish Library$bHMNTS$jYK.2019.a.130
=856  40$uhttp://www.cepr.org/active/publications/discussion_papers/dp.php?dpno=12876
=985  \\$aLDLSCP record - no ISBN match on import to BLL01
=985  \\$aAwaiting NetCat DDC
=CAT  \\$aBATCH-LDLN$b00$c20180806$lBLL01$h2112
=CAT  \\$aBATCH-UPD$b00$c20180806$lBLL01$h2112
=CAT  \\$aBATCH-016$c20181128$lBLL01$h2152
=CAT  \\$a11405$b40$c20190103$lBLL01$h0837
=FMT  \\$a  BK
=LAS  \\$a11405$b40$c20190103$lBLL01$h0837

