=LDR  02494 am a2200469 i 4500
=001  019005417
=003  Uk
=005  20190103114321.0
=008  180619s2018\\\\enka\\\\\b\\\\000\0\eng\c
=015  \\$aGBB8E4308$2bnb
=016  7\$a019005417$2Uk
=020  \\$cNo price$qpaperback
=035  \\$a(WlAbNL)99877928702419
=035  \\$a(StEdALDL)1/3704439
=035  \\$a(UkOxU)021234752
=040  \\$aStEdALDL$beng$cStEdALDL$dWlAbNL$erda
=042  \\$aukscp
=100  1\$aMartin, Ian,$d1976-$eauthor.
=245  10$aOptions and the gamma knife /$cIan Martin.
=264  \1$aLondon :$bCentre for Economic Policy Research,$c20 April 2018.
=300  \\$a15 pages :$billustrations (black and white) ;$c21 cm.
=336  \\$atext$btxt$2rdacontent
=336  \\$astill image$bsti$2rdacontent
=337  \\$aunmediated$bn$2rdamedia
=338  \\$avolume$bnc$2rdacarrier
=490  1\$aDiscussion paper series,$x0265-8003$aFinancial economics ;$vDP12883
=500  \\$a"Submitted 20 April 2018"--Title page.
=504  \\$aIncludes bibliographical references (pages 14-15).
=520  \\$a"I survey work of Steve Ross (1976) and of Douglas Breeden and Robert Litzenberger (1978) that first showed how to use options to synthesize more complex securities. Their results made it possible to infer the risk-neutral measure associated with a traded asset, and underpinned the development of the VIX index. The other main result of Ross (1976), which shows how to infer joint risk-neutral distributions from option prices, has been much less influential. I explain why, and propose an alternative approach to the problem. This paper is dedicated to Steve Ross, and was written for a special issue of the Journal of Portfolio Management in memory of him."--Abstract.
=650  \0$aOptions (Finance)$xPrices$xEconometric models.
=650  \0$aRisk management$xEconometric models.
=830  \0$aDiscussion paper (Centre for Economic Policy Research (Great Britain)).$pFinancial economics ;$vno. 12883.
=852  41$aBritish Library$bHMNTS$jYKL.2019.a.248
=856  40$uhttp://www.cepr.org/active/publications/discussion_papers/dp.php?dpno=12883
=985  \\$aAwaiting NetCat DDC
=985  \\$aLDLSCP record - no ISBN match on import to BLL01
=CAT  \\$aBATCH-LDLN$b00$c20180806$lBLL01$h2112
=CAT  \\$aBATCH-UPD$b00$c20180806$lBLL01$h2112
=CAT  \\$aBATCH-016$c20181128$lBLL01$h2152
=CAT  \\$a7359$b40$c20190103$lBLL01$h1143
=FMT  \\$a  BK
=LAS  \\$a7359$b40$c20190103$lBLL01$h1143

