=LDR  03142 am a2200505 i 4500
=001  019005418
=003  Uk
=005  20190102105003.0
=008  180618s2018\\\\enka\\\\\b\\\\000\0\eng\c
=015  \\$aGBB8E4309$2bnb
=016  7\$a019005418$2Uk
=020  \\$cNo price$qpaperback
=035  \\$a(WlAbNL)99877928802419
=035  \\$a(StEdALDL)1/3704358
=035  \\$a(UkOxU)021225946
=040  \\$aStEdALDL$beng$cStEdALDL$dWlAbNL$erda
=042  \\$aukscp
=100  1\$aAllen, Franklin,$d1956-$eauthor.
=245  14$aThe interplay between financial regulations, resilience, and growth /$cFranklin Allen, Itay Goldstein and Julapa Jagtiani.
=264  \1$aLondon :$bCentre for Economic Policy Research,$c11 April 2018.
=300  \\$a34 pages :$billustrations (black and white) ;$c21 cm.
=336  \\$atext$btxt$2rdacontent
=336  \\$astill image$bsti$2rdacontent
=337  \\$aunmediated$bn$2rdamedia
=338  \\$avolume$bnc$2rdacarrier
=490  1\$aDiscussion paper series,$x0265-8003$aFinancial economics ;$vDP12861
=500  \\$a"Submitted 11 April 2018"--Title page.
=504  \\$aIncludes bibliographical references (pages 29-31).
=520  \\$a"Interconnectedness has been an important source of market failures, leading to the recent financial crisis. Large financial institutions tend to have similar exposures and thus exert externalities on each other through various mechanisms. Regulators have responded by putting more regulations in place with many layers of regulatory complexity, leading to ambiguity and market manipulation. Mispricing risk in complex models and arbitrage opportunities through regulatory loopholes have provided incentives for certain activities to become more concentrated in regulated entities and for other activities to move into new areas in the shadow banking system. How can we design an effective regulatory framework that would perfectly rule out bank runs and TBTF (too big to fail) and to do so without introducing incentives for financial firms to take excessive risk? It is important for financial regulations to be coordinated across regulatory entities and jurisdictions and for financial regulations to be forward looking, rather than aiming to address problems of the past."--Abstract.
=650  \0$aBanks and banking$xState supervision$xEconometric models.
=650  \0$aBank liquidity$xEconometric models.
=650  \0$aRisk management$xEconometric models.
=700  1\$aGoldstein, Itay,$eauthor.
=700  1\$aJagtiani, Julapa,$eauthor.
=830  \0$aDiscussion paper (Centre for Economic Policy Research (Great Britain)).$pFinancial economics ;$vno. 12861.
=852  41$aBritish Library$bHMNTS$jYK.2019.a.29
=856  40$uhttp://www.cepr.org/active/publications/discussion_papers/dp.php?dpno=12861
=985  \\$aAwaiting NetCat DDC
=985  \\$aLDLSCP record - no ISBN match on import to BLL01
=CAT  \\$aBATCH-LDLN$b00$c20180806$lBLL01$h2112
=CAT  \\$aBATCH-UPD$b00$c20180806$lBLL01$h2112
=CAT  \\$aBATCH-016$c20181212$lBLL01$h2157
=CAT  \\$a10999$b40$c20190102$lBLL01$h1050
=FMT  \\$a  BK
=LAS  \\$a10999$b40$c20190102$lBLL01$h1050

