=LDR  02950 am a2200517 i 4500
=001  019005419
=003  Uk
=005  20190102103425.0
=008  180619s2018\\\\enk\\\\\\b\\\\000\0\eng\c
=015  \\$aGBB8E4310$2bnb
=016  7\$a019005419$2Uk
=020  \\$cNo price$qpaperback
=035  \\$a(WlAbNL)99877929202419
=035  \\$a(StEdALDL)1/3704465
=035  \\$a(UkOxU)021234772
=040  \\$aStEdALDL$beng$cStEdALDL$dWlAbNL$erda
=042  \\$aukscp
=100  1\$aHalac, Marina,$eauthor.
=245  10$aInstrument-based vs. target-based rules /$cMarina Halac and Pierre Yared.
=246  3\$aInstrument-based versus target-based rules
=264  \1$aLondon :$bCentre for Economic Policy Research,$c16 April 2018.
=300  \\$a28 pages ;$c21 cm.
=336  \\$atext$btxt$2rdacontent
=337  \\$aunmediated$bn$2rdamedia
=338  \\$avolume$bnc$2rdacarrier
=490  1\$aDiscussion paper series,$x0265-8003$aIndustrial organization$aMonetary economics and fluctuations$aMacroeconomics and growth ;$vDP12872
=500  \\$a"Submitted 16 April 2018"--Title page.
=504  \\$aIncludes bibliographical references (pages 14-16).
=520  \\$a"We develop a simple delegation model to study rules based on instruments vs. targets. A principal faces a better informed but biased agent and relies on joint punishments as incentives. Instrument-based rules condition incentives on the agent's observable action; target-based rules condition incentives on outcomes that depend on the agent's action and private information. In each class, an optimal rule takes a threshold form and imposes the worst punishment upon violation. Target-based rules dominate instrument-based rules if and only if the agent's information is sufficiently precise. An optimal hybrid rule relaxes the instrument threshold whenever the target threshold is satisfied."--Abstract.
=650  \0$aMonetary policy$xEconometric models.
=650  \0$aFiscal policy$xEconometric models.
=650  \0$aInformation theory in economics.
=700  1\$aYared, Pierre,$eauthor.
=830  \0$aDiscussion paper (Centre for Economic Policy Research (Great Britain)).$pIndustrial organization ;$vno. 12872.
=830  \0$aDiscussion paper (Centre for Economic Policy Research (Great Britain)).$pMonetary economics and fluctuations ;$vno. 12872.
=830  \0$aDiscussion paper (Centre for Economic Policy Research (Great Britain)).$pMacroeconomics and growth ;$vno. 12872.
=852  41$aBritish Library$bHMNTS$jYK.2019.a.19
=856  40$uhttp://www.cepr.org/active/publications/discussion_papers/dp.php?dpno=12872
=985  \\$aAwaiting NetCat DDC
=985  \\$aLDLSCP record - no ISBN match on import to BLL01
=CAT  \\$aBATCH-LDLN$b00$c20180806$lBLL01$h2112
=CAT  \\$aBATCH-UPD$b00$c20180806$lBLL01$h2112
=CAT  \\$aBATCH-016$c20181212$lBLL01$h2157
=CAT  \\$a10999$b40$c20190102$lBLL01$h1034
=FMT  \\$a  BK
=LAS  \\$a10999$b40$c20190102$lBLL01$h1034

