=LDR  03155 am a2200493 i 4500
=001  019017338
=003  Uk
=005  20190102132916.0
=008  180628s2018\\\\enka\\\\\b\\\\000\0\eng\c
=015  \\$aGBB8F0737$2bnb
=016  7\$a019017338$2Uk
=020  \\$cNo price$qpaperback
=035  \\$a(WlAbNL)99880038602419
=035  \\$a(StEdALDL)1/3706450
=035  \\$a(UkOxU)021239747
=040  \\$aStEdALDL$beng$cStEdALDL$dWlAbNL$erda
=042  \\$aukscp
=100  1\$aBaumeister, Christiane,$d1978-$eauthor.
=245  10$aInference in structural vector autoregressions when the identifying assumptions are not fully believed :$bre-evaluating the role of monetary policy in economic fluctuations /$cChristiane Baumeister and James Hamilton.
=264  \1$aLondon :$bCentre for Economic Policy Research,$c04 May 2018.
=300  \\$a46, A-2, B-3 pages :$billustrations (black and white) ;$c21 cm.
=336  \\$atext$btxt$2rdacontent
=336  \\$astill image$bsti$2rdacontent
=337  \\$aunmediated$bn$2rdamedia
=338  \\$avolume$bnc$2rdacarrier
=490  1\$aDiscussion paper series,$x0265-8003$aMonetary economics and fluctuations ;$vDP12911
=500  \\$a"Submitted 04 May 2018"--Title page.
=504  \\$aIncludes bibliographical references (pages 34-37).
=520  \\$a"Reporting point estimates and error bands for structural vector autoregressions that are only set identified is a very common practice. However, unless the researcher is persuaded on the basis of prior information that some parameter values are more plausible than others, this common practice has no formal justification. When the role and reliability of prior information is defended, Bayesian posterior probabilities can be used to form an inference that incorporates doubts about the identifying assumptions. We illustrate how prior information can be used about both structural coefficients and the impacts of shocks, and propose a new distribution, which we call the asymmetric t distribution, for incorporating prior beliefs about the signs of equilibrium impacts in a nondogmatic way. We apply these methods to a three-variable macroeconomic model and conclude that monetary policy shocks were not the major driver of output, inflation, or interest rates during the Great Moderation."--Abstract.
=650  \0$aMonetary policy$xEconometric models.
=650  \0$aAutoregression (Statistics)
=650  \0$aBayesian statistical decision theory.
=700  1\$aHamilton, James D.$q(James Douglas),$d1954-$eauthor.
=830  \0$aDiscussion paper (Centre for Economic Policy Research (Great Britain)).$pMonetary economics and fluctuations ;$vno. 12911.
=852  41$aBritish Library$bHMNTS$jYK.2019.a.76
=856  40$uhttp://www.cepr.org/active/publications/discussion_papers/dp.php?dpno=12911
=985  \\$aAwaiting NetCat DDC
=985  \\$aLDLSCP record - no ISBN match on import to BLL01
=CAT  \\$aBATCH-LDLN$b00$c20180813$lBLL01$h2127
=CAT  \\$aBATCH-UPD$b00$c20180813$lBLL01$h2127
=CAT  \\$aBATCH-016$c20181212$lBLL01$h2157
=CAT  \\$a10999$b40$c20190102$lBLL01$h1329
=FMT  \\$a  BK
=LAS  \\$a10999$b40$c20190102$lBLL01$h1329

