=LDR  04511 am a2200553 i 4500
=001  019017339
=003  Uk
=005  20190107115237.0
=008  180628s2018\\\\enkab\\\\b\\\\000\0\eng\c
=015  \\$aGBB8F0738$2bnb
=016  7\$a019017339$2Uk
=020  \\$cNo price$qpaperback
=035  \\$a(WlAbNL)99880038702419
=035  \\$a(StEdALDL)1/3706464
=035  \\$a(UkOxU)021239759
=040  \\$aStEdALDL$beng$cStEdALDL$dWlAbNL$erda
=042  \\$aukscp
=100  1\$aHornbeck, Richard,$eauthor.
=245  10$aWho benefits from productivity growth? :$bDirect and indirect effects of local TFP growth on wages, rents, and inequality /$cRichard Hornbeck and Enrico Moretti.
=246  3\$aWho benefits from productivity growth? :$bDirect and indirect effects of local total factor productivity growth on wages, rents, and inequality
=264  \1$aLondon :$bCentre for Economic Policy Research,$c27 May 2018.
=300  \\$a61, 17 pages :$billustrations (black and white), maps (black and white) ;$c21 cm.
=336  \\$atext$btxt$2rdacontent
=336  \\$astill image$bsti$2rdacontent
=336  \\$acartographic image$bcri$2rdacontent
=337  \\$aunmediated$bn$2rdamedia
=338  \\$avolume$bnc$2rdacarrier
=490  1\$aDiscussion paper series,$x0265-8003$aLabour economics$aPublic economics$aInternational trade and regional economics$aMacroeconomics and growth ;$vDP12953
=500  \\$a"Submitted 27 May 2018"--Title page.
=504  \\$aIncludes bibliographical references (pages 39-41).
=520  \\$a"We estimate the local and aggregate effects of total factor productivity growth on US workers' earnings, housing costs, and purchasing power. Drawing on four alternative instrumental variables, we consistently find that when a city experiences productivity gains in manufacturing, there are substantial local increases in employment and average earnings. For renters, increased earnings are largely offset by increased cost of living; for homeowners, the benefits are substantial. Strikingly, local productivity growth reduces local inequality, as it raises earnings of local less-skilled workers more than the earnings of local more-skilled workers. This is due, in part, to lower geographic mobility of less-skilled workers. However, local productivity growth also has important general equilibrium effects through worker mobility. We estimate that 38% of the overall increase in workers' purchasing power occurs outside cities directly affected by local TFP growth. The indirect effects on worker earnings are substantially greater for more-skilled workers, due to greater geographic mobility of more-skilled workers, which increases inequality in other cities. Neglecting these general equilibrium effects would both understate the overall magnitude of benefits from productivity growth and misstate their distributional consequences. Overall, US workers benefit substantially from productivity growth. Summing direct and indirect effects, we find that TFP growth from 1980 to 1990 increased purchasing power for the average US worker by 0.5-0.6% per year from 1980 to 2000. These gains do not depend on a worker's education; rather, the benefits from productivity growth mainly depend on where workers live."--Abstract.
=650  \0$aIndustrial productivity$xEconomic aspects$zUnited States.
=650  \0$aLabor productivity$xEconomic aspects$zUnited States.
=650  \0$aWages and labor productivity$zUnited States.
=700  1\$aMoretti, Enrico,$eauthor.
=830  \0$aDiscussion paper (Centre for Economic Policy Research (Great Britain)).$pInternational trade and regional economics ;$vno. 12953.
=830  \0$aDiscussion paper (Centre for Economic Policy Research (Great Britain)).$pLabour economics ;$vno. 12953.
=830  \0$aDiscussion paper (Centre for Economic Policy Research (Great Britain)).$pMacroeconomics and growth ;$vno. 12953.
=830  \0$aDiscussion paper (Centre for Economic Policy Research (Great Britain)).$pPublic economics ;$vno. 12953.
=852  41$aBritish Library$bHMNTS$jYK.2019.a.268
=856  40$uhttp://www.cepr.org/active/publications/discussion_papers/dp.php?dpno=12953
=985  \\$aAwaiting NetCat DDC
=985  \\$aLDLSCP record - no ISBN match on import to BLL01
=CAT  \\$aBATCH-LDLN$b00$c20180813$lBLL01$h2127
=CAT  \\$aBATCH-UPD$b00$c20180813$lBLL01$h2127
=CAT  \\$aBATCH-016$c20181226$lBLL01$h2146
=CAT  \\$a10999$b40$c20190107$lBLL01$h1152
=FMT  \\$a  BK
=LAS  \\$a10999$b40$c20190107$lBLL01$h1152

