=LDR  03658 am a2200481 i 4500
=001  019017340
=003  Uk
=005  20190102104555.0
=008  180625s2018\\\\enk\\\\\\b\\\\000\0\eng\c
=015  \\$aGBB8F0739$2bnb
=016  7\$a019017340$2Uk
=020  \\$cNo price$qpaperback
=035  \\$a(WlAbNL)99880039102419
=035  \\$a(StEdALDL)1/3706102
=035  \\$a(UkOxU)021234963
=040  \\$aStEdALDL$beng$cStEdALDL$dWlAbNL$erda
=042  \\$aukscp
=100  1\$aGambardella, Alfonso,$d1961-$eauthor.
=245  10$aOpen source hardware as a profit-maximizing strategy of downstream firms /$cAlfonso Gambardella and Eric von Hippel.
=264  \1$aLondon :$bCentre for Economic Policy Research,$c30 April 2018.
=300  \\$a29 pages ;$c21 cm.
=336  \\$atext$btxt$2rdacontent
=337  \\$aunmediated$bn$2rdamedia
=338  \\$avolume$bnc$2rdacarrier
=490  1\$aDiscussion paper series,$x0265-8003$aIndustrial organization ;$vDP12901
=500  \\$a"Submitted 30 April 2018"--Title page.
=504  \\$aIncludes bibliographical references (pages 25-28).
=520  \\$a"This paper characterizes and explores a corporate strategy in which downstream firms collaborate to develop open substitute designs for proprietary hardware they would otherwise purchase from upstream suppliers. This strategy centrally involves customers themselves distributing design costs over multiple customers -- a strategy that is routine to producers selling to multiple customers, but which has been impractical for coalitions of customers until fairly recently. Today customers find it increasingly feasible to co-design products they may all purchase due to two technological trends. First, CAD-CAM and other design technologies are lowering downstream firms' costs to develop designs for purchased hardware inputs. Second, better communication technologies are lowering the costs of doing such projects collaboratively, even among large groups of downstream customer firms. Customer firms collaborating to develop a design for a hardware input they all purchase could in principle choose to protect their design as a club good. However, opening up collaboratively-created designs to free riders can increase the profits of the contributing firms for several reasons that we explore and model. Important among these is that free revealing draws free riders away from purchases of proprietary software or hardware to customer-developed free substitutes. This reduces the markets of upstream suppliers of competing proprietary inputs. Free riders also, in the case of hardware only, contribute to reducing the average manufacturing costs of the open hardware by increasing purchase volumes and so creating increased economies of scale. Resulting reduced unit purchase costs benefit customers contributing to the free design as well as free riders."--Abstract.
=650  \0$aTechnological innovations$xEconomic aspects.
=650  \0$aOpen source software.
=650  \0$aCompetition.
=700  1\$aHippel, Eric von,$eauthor.
=830  \0$aDiscussion paper (Centre for Economic Policy Research (Great Britain)).$pIndustrial organization ;$vno. 12901.
=852  41$aBritish Library$bHMNTS$jYK.2019.a.26
=856  40$uhttp://www.cepr.org/active/publications/discussion_papers/dp.php?dpno=12901
=985  \\$aAwaiting NetCat DDC
=985  \\$aLDLSCP record - no ISBN match on import to BLL01
=CAT  \\$aBATCH-LDLN$b00$c20180813$lBLL01$h2127
=CAT  \\$aBATCH-UPD$b00$c20180813$lBLL01$h2127
=CAT  \\$aBATCH-016$c20181212$lBLL01$h2157
=CAT  \\$a10999$b40$c20190102$lBLL01$h1045
=FMT  \\$a  BK
=LAS  \\$a10999$b40$c20190102$lBLL01$h1045

