=LDR  02392 am a2200505 i 4500
=001  019017341
=003  Uk
=005  20190107114609.0
=008  180628s2018\\\\enk\\\\\\b\\\\000\0\eng\c
=015  \\$aGBB8F0740$2bnb
=016  7\$a019017341$2Uk
=020  \\$cNo price$qpaperback
=035  \\$a(WlAbNL)99880039202419
=035  \\$a(StEdALDL)1/3706472
=035  \\$a(UkOxU)021239767
=040  \\$aStEdALDL$beng$cStEdALDL$dWlAbNL$erda
=042  \\$aukscp
=100  1\$aGüell, Maia,$eauthor.
=245  10$aNew directions in measuring intergenerational mobility /$cMaia Güell, JOSE VICENTE Rodríguez Mora and Gary Solon.
=264  \1$aLondon :$bCentre for Economic Policy Research,$c29 May 2018.
=300  \\$a10 pages ;$c21 cm.
=336  \\$atext$btxt$2rdacontent
=337  \\$aunmediated$bn$2rdamedia
=338  \\$avolume$bnc$2rdacarrier
=490  1\$aDiscussion paper series,$x0265-8003$aLabour economics$aMacroeconomics and growth ;$vDP12959
=500  \\$a"Submitted 29 May 2018"--Title page.
=504  \\$aIncludes bibliographical references (pages 8-10).
=520  \\$a"In this paper we overview some recent literature that exemplify several of the cutting edges in research on intergenerational transmission of socioeconomic status and highlight some cross-cutting themes. We also offer a few suggestions for future research."--Abstract.
=650  \0$aSocial mobility$xEconomic aspects.
=650  \0$aIntergenerational relations$xEconomic aspects.
=650  \0$aIncome distribution$xEconomic aspects.
=700  1\$aRodríguez Mora, José Vicente,$d1965-$eauthor.
=700  1\$aSolon, Gary,$d1954-$eauthor.
=830  \0$aDiscussion paper (Centre for Economic Policy Research (Great Britain)).$pLabour economics ;$vno. 12959.
=830  \0$aDiscussion paper (Centre for Economic Policy Research (Great Britain)).$pMacroeconomics and growth ;$vno. 12959.
=852  41$aBritish Library$bHMNTS$jYK.2019.a.264
=856  40$uhttp://www.cepr.org/active/publications/discussion_papers/dp.php?dpno=12959
=985  \\$aAwaiting NetCat DDC
=985  \\$aLDLSCP record - no ISBN match on import to BLL01
=CAT  \\$aBATCH-LDLN$b00$c20180813$lBLL01$h2127
=CAT  \\$aBATCH-UPD$b00$c20180813$lBLL01$h2127
=CAT  \\$aBATCH-016$c20190102$lBLL01$h2144
=CAT  \\$a10999$b40$c20190107$lBLL01$h1146
=FMT  \\$a  BK
=LAS  \\$a10999$b40$c20190107$lBLL01$h1146

