=LDR  02855 am a2200529 i 4500
=001  019017342
=003  Uk
=005  20190102133423.0
=008  180628s2018\\\\enka\\\\\b\\\\000\0\eng\c
=015  \\$aGBB8F0741$2bnb
=016  7\$a019017342$2Uk
=020  \\$cNo price$qpaperback
=035  \\$a(WlAbNL)99880039302419
=035  \\$a(StEdALDL)1/3706452
=035  \\$a(UkOxU)021239749
=040  \\$aStEdALDL$beng$cStEdALDL$dWlAbNL$erda
=042  \\$aukscp
=100  1\$aHsieh, Chang-Tai,$eauthor.
=245  10$aHousing constraints and spatial misallocation /$cChang-Tai Hsieh and Enrico Moretti.
=264  \1$aLondon :$bCentre for Economic Policy Research,$c04 May 2018.
=300  \\$a61 pages :$billustrations (black and white) ;$c21 cm.
=336  \\$atext$btxt$2rdacontent
=336  \\$astill image$bsti$2rdacontent
=337  \\$aunmediated$bn$2rdamedia
=338  \\$avolume$bnc$2rdacarrier
=490  1\$aDiscussion paper series,$x0265-8003$aLabour economics$aInternational trade and regional economics$aMacroeconomics and growth ;$vDP12912
=500  \\$a"Submitted 04 May 2018"--Title page.
=504  \\$aIncludes bibliographical references (pages 39-43).
=520  \\$a"We quantify the amount of spatial misallocation of labor across US cities and its aggregate costs. Misallocation arises because high productivity cities like New York and the San Francisco Bay Area have adopted stringent restrictions to new housing supply, effectively limiting the number of workers who have access to such high productivity. Using a spatial equilibrium model and data from 220 metropolitan areas we find that these constraints lowered aggregate US growth by 36% from 1964 to 2009."--Abstract.
=650  \0$aCities and towns$zUnited States$xGrowth$xEconometric models.
=650  \0$aEconomic development$zUnited States$xEconometric models.
=650  \0$aSpace in economics.
=650  \0$aUrban economics.
=700  1\$aMoretti, Enrico,$eauthor.
=830  \0$aDiscussion paper (Centre for Economic Policy Research (Great Britain)).$pLabour economics ;$vno. 12912.
=830  \0$aDiscussion paper (Centre for Economic Policy Research (Great Britain)).$pInternational trade and regional economics ;$vno. 12912.
=830  \0$aDiscussion paper (Centre for Economic Policy Research (Great Britain)).$pMacroeconomics and growth ;$vno. 12912.
=852  41$aBritish Library$bHMNTS$jYK.2019.a.79
=856  40$uhttp://www.cepr.org/active/publications/discussion_papers/dp.php?dpno=12912
=985  \\$aAwaiting NetCat DDC
=985  \\$aLDLSCP record - no ISBN match on import to BLL01
=CAT  \\$aBATCH-LDLN$b00$c20180813$lBLL01$h2127
=CAT  \\$aBATCH-UPD$b00$c20180813$lBLL01$h2127
=CAT  \\$aBATCH-016$c20181212$lBLL01$h2157
=CAT  \\$a10999$b40$c20190102$lBLL01$h1334
=FMT  \\$a  BK
=LAS  \\$a10999$b40$c20190102$lBLL01$h1334

