=LDR  02949 am a2200493 i 4500
=001  019017343
=003  Uk
=005  20190107094240.0
=008  180628s2018\\\\enk\\\\\\b\\\\000\0\eng\c
=015  \\$aGBB8F0742$2bnb
=016  7\$a019017343$2Uk
=020  \\$cNo price$qpaperback
=035  \\$a(WlAbNL)99880039402419
=035  \\$a(StEdALDL)1/3706481
=035  \\$a(UkOxU)021239775
=040  \\$aStEdALDL$beng$cStEdALDL$dWlAbNL$erda
=042  \\$aukscp
=100  1\$aBritz, Volker,$eauthor.
=245  10$aOpen rule legislative bargaining /$cVolker Britz and Hans Gersbach.
=264  \1$aLondon :$bCentre for Economic Policy Research,$c31 May 2018.
=300  \\$a49 pages ;$c21 cm.
=336  \\$atext$btxt$2rdacontent
=337  \\$aunmediated$bn$2rdamedia
=338  \\$avolume$bnc$2rdacarrier
=490  1\$aDiscussion paper series,$x0265-8003$aPublic economics$aIndustrial organization ;$vDP12966
=500  \\$a"Submitted 31 May 2018"--Title page.
=500  \\$aAuthors listed on HTML article page as: "Hans Gersbach, Britz Volker".
=504  \\$aIncludes bibliographical references (pages 48-49).
=520  \\$a"We consider non-cooperative bargaining on the division of a surplus under a simple majority rule. Bargaining takes place according to an "open rule" as originally suggested by Baron and Ferejohn (1989): Under an open rule, proposals can be amended before they are voted on. We point out some gaps in Baron and Ferejohn's earlier work, and provide a fresh analysis of open rule bargaining. We devise a method to construct equilibrium candidates and to test whether these candidates are indeed equilibria. When players are sufficiently patient, we explicitly compute equilibrium outcomes. Compared to the canonical closed rule bargaining game, the equilibrium outcomes of open rule bargaining involve delays, but lead to more egalitarian surplus allocations. However, our results suggest that equilibrium delays tend to be longer, and surplus allocations tend to be less egalitarian than predicted by Baron and Ferejohn."--Abstract.
=650  \0$aLegislative bodies$xVoting.
=650  \0$aGroup decision making$xEconomic aspects.
=700  1\$aGersbach, Hans,$eauthor.
=830  \0$aDiscussion paper (Centre for Economic Policy Research (Great Britain)).$pPublic economics ;$vno. 12966.
=830  \0$aDiscussion paper (Centre for Economic Policy Research (Great Britain)).$pIndustrial organization ;$vno. 12966.
=852  41$aBritish Library$bHMNTS$jYKL.2019.a.461
=856  40$uhttp://www.cepr.org/active/publications/discussion_papers/dp.php?dpno=12966
=985  \\$aAwaiting NetCat DDC
=985  \\$aLDLSCP record - no ISBN match on import to BLL01
=CAT  \\$aBATCH-LDLN$b00$c20180813$lBLL01$h2127
=CAT  \\$aBATCH-UPD$b00$c20180813$lBLL01$h2127
=CAT  \\$aBATCH-016$c20181226$lBLL01$h2146
=CAT  \\$a7359$b40$c20190107$lBLL01$h0942
=FMT  \\$a  BK
=LAS  \\$a7359$b40$c20190107$lBLL01$h0942

