=LDR  02756 am a2200493 i 4500
=001  019017344
=003  Uk
=005  20190102140845.0
=008  180625s2018\\\\enka\\\\\b\\\\000\0\eng\c
=015  \\$aGBB8F0743$2bnb
=016  7\$a019017344$2Uk
=020  \\$cNo price$qpaperback
=035  \\$a(WlAbNL)99880039602419
=035  \\$a(StEdALDL)1/3706092
=035  \\$a(UkOxU)021234953
=040  \\$aStEdALDL$beng$cStEdALDL$dWlAbNL$erda
=042  \\$aukscp
=100  10$aBernard, Andrew B.,$d1963-$eauthor.
=245  10$aNetworks and trade /$cAndrew B. Bernard and Andreas Moxnes.
=264  \1$aLondon :$bCentre for Economic Policy Research,$c25 April 2018.
=300  \\$a30 pages :$billustrations (black and white) ;$c21 cm.
=336  \\$atext$btxt$2rdacontent
=336  \\$astill image$bsti$2rdacontent
=337  \\$aunmediated$bn$2rdamedia
=338  \\$avolume$bnc$2rdacarrier
=490  1\$aDiscussion paper series,$x0265-8003$aInternational trade and regional economics ;$vDP12891
=500  \\$a"Submitted 25 April 2018"--Title page.
=504  \\$aIncludes bibliographical references (pages 25-30).
=520  \\$a"Trade occurs between firms both across borders and within countries, and the vast majority of trade transactions includes at least one large firm with many trading partners. This paper reviews the literature on firm-to-firm connections in trade. A growing body of evidence coming from domestic and international transaction data has established empirical regularities which have inspired the development of new theories emphasizing firm heterogeneity among both buyers and suppliers in production networks. Theoretical work has considered both static and dynamic matching environments in a framework of many-to-many matching. The literature on trade and production networks is at an early stage, and there are a large number of unanswered empirical and theoretical questions."--Abstract.
=650  \0$aInternational trade.
=650  \0$aBusiness networks$xEconomic aspects.
=650  \0$aIndustrial productivity$xEconomic aspects.
=700  1\$aMoxnes, Andreas,$eauthor.
=830  \0$aDiscussion paper (Centre for Economic Policy Research (Great Britain)).$pInternational trade and regional economics ;$vno. 12891.
=852  41$aBritish Library$bHMNTS$jYK.2019.a.97
=856  40$uhttp://www.cepr.org/active/publications/discussion_papers/dp.php?dpno=12891
=985  \\$aAwaiting NetCat DDC
=985  \\$aLDLSCP record - no ISBN match on import to BLL01
=CAT  \\$aBATCH-LDLN$b00$c20180813$lBLL01$h2127
=CAT  \\$aBATCH-UPD$b00$c20180813$lBLL01$h2127
=CAT  \\$aBATCH-016$c20181212$lBLL01$h2157
=CAT  \\$a10999$b40$c20190102$lBLL01$h1408
=FMT  \\$a  BK
=LAS  \\$a10999$b40$c20190102$lBLL01$h1408

