=LDR  02570 am a2200481 i 4500
=001  019017345
=003  Uk
=005  20190103133350.0
=008  180628s2018\\\\enka\\\\\b\\\\000\0\eng\c
=015  \\$aGBB8F0744$2bnb
=016  7\$a019017345$2Uk
=020  \\$cNo price$qpaperback
=035  \\$a(WlAbNL)99880039802419
=035  \\$a(StEdALDL)1/3706422
=035  \\$a(UkOxU)021239720
=040  \\$aStEdALDL$beng$cStEdALDL$dWlAbNL$erda
=042  \\$aukscp
=100  1\$aPrados de la Escosura, Leandro,$eauthor.
=245  10$aWell-being inequality in the long run /$cLeandro Prados de la Escosura.
=264  \1$aLondon :$bCentre for Economic Policy Research,$c07 May 2018.
=300  \\$a70 pages :$billustrations (black and white) ;$c21 cm.
=336  \\$atext$btxt$2rdacontent
=336  \\$astill image$bsti$2rdacontent
=337  \\$aunmediated$bn$2rdamedia
=338  \\$avolume$bnc$2rdacarrier
=490  1\$aDiscussion paper series,$x0265-8003$aEconomic history ;$vDP12920
=500  \\$a"Submitted 07 May 2018"--Title page.
=504  \\$aIncludes bibliographical references (pages 23-27).
=520  \\$a"This paper provides a long-run view of well-being inequality at world scale based on a new historical dataset. Trends in social dimensions alter the view on inequality derived from per capita GDP. While in terms of income, inequality increased until the third quarter of the twentieth century; in terms of well-being, inequality fell steadily since World War I. The spread of mass primary education and the health transitions were its main drivers. The gap between the West and the Rest explains only partially the evolution of well-being inequality, as the dispersion within the developing regions has increasingly determined its evolution."--Abstract.
=650  \0$aIncome distribution$xEconomic aspects$xHistory.
=650  \0$aEquality$xEconomic aspects$xHistory.
=650  \0$aQuality of life$xEconomic aspects$xHistory.
=830  \0$aDiscussion paper (Centre for Economic Policy Research (Great Britain)).$pEconomic history ;$vno. 12920.
=852  41$aBritish Library$bHMNTS$jYK.2019.a.161
=856  40$uhttp://www.cepr.org/active/publications/discussion_papers/dp.php?dpno=12920
=985  \\$aAwaiting NetCat DDC
=985  \\$aLDLSCP record - no ISBN match on import to BLL01
=CAT  \\$aBATCH-LDLN$b00$c20180813$lBLL01$h2127
=CAT  \\$aBATCH-UPD$b00$c20180813$lBLL01$h2127
=CAT  \\$aBATCH-016$c20190102$lBLL01$h2144
=CAT  \\$a10999$b40$c20190103$lBLL01$h1333
=FMT  \\$a  BK
=LAS  \\$a10999$b40$c20190103$lBLL01$h1333

