=LDR  02624 am a2200493 i 4500
=001  019017346
=003  Uk
=005  20190102140118.0
=008  180619s2018\\\\enka\\\\\b\\\\000\0\eng\c
=015  \\$aGBB8F0745$2bnb
=016  7\$a019017346$2Uk
=020  \\$cNo price$qpaperback
=035  \\$a(WlAbNL)99880039902419
=035  \\$a(StEdALDL)1/3704499
=035  \\$a(UkOxU)021234798
=040  \\$aStEdALDL$beng$cStEdALDL$dWlAbNL$erda
=042  \\$aukscp
=100  1\$aSela, Aner,$eauthor.
=245  10$aIt's not always best to be first /$cAner Sela.
=264  \1$aLondon :$bCentre for Economic Policy Research,$c23 April 2018.
=300  \\$a24 pages :$billustrations (black and white) ;$c21 cm.
=336  \\$atext$btxt$2rdacontent
=336  \\$astill image$bsti$2rdacontent
=337  \\$aunmediated$bn$2rdamedia
=338  \\$avolume$bnc$2rdacarrier
=490  1\$aDiscussion paper series,$x0265-8003$aIndustrial organization ;$vDP12887
=500  \\$a"Submitted 23 April 2018"--Title page.
=504  \\$aIncludes bibliographical references (pages 23-24).
=520  \\$a"We study a model with n agents, each of whom has both a linear reward function that increases in the agent's effort and an effort constraint. However, since the effort (output) of the players has a negative effect on society the designer imposes a punishment such that the agent with the highest effort who caused the greatest damage is punished. We analyze the equilibrium of this model with either symmetric or asymmetric agents. At all the equilibrium points, all the agents are active and all have positive expected payoffs. We characterize the properties of the agents' equilibrium strategies and compare them to the well-known equilibrium strategies of the all-pay auction in which the agent with the highest effort wins a prize."--Abstract.
=650  \0$aContests$xEconometric models.
=650  \0$aAwards$xEconometric models.
=650  \0$aAuctions$xEconometric models.
=650  \0$aGame theory.
=830  \0$aDiscussion paper (Centre for Economic Policy Research (Great Britain)).$pIndustrial organization ;$vno. 12887.
=852  41$aBritish Library$bHMNTS$jYK.2019.a.92
=856  40$uhttp://www.cepr.org/active/publications/discussion_papers/dp.php?dpno=12887
=985  \\$aAwaiting NetCat DDC
=985  \\$aLDLSCP record - no ISBN match on import to BLL01
=CAT  \\$aBATCH-LDLN$b00$c20180813$lBLL01$h2127
=CAT  \\$aBATCH-UPD$b00$c20180813$lBLL01$h2127
=CAT  \\$aBATCH-016$c20181212$lBLL01$h2157
=CAT  \\$a10999$b40$c20190102$lBLL01$h1401
=FMT  \\$a  BK
=LAS  \\$a10999$b40$c20190102$lBLL01$h1401

