=LDR  03306 am a2200529 i 4500
=001  019024830
=003  Uk
=005  20190102105439.0
=008  180619s2018\\\\enka\\\\\b\\\\000\0\eng\c
=015  \\$aGBB8F4202$2bnb
=016  7\$a019024830$2Uk
=020  \\$cNo price$qpaperback
=035  \\$a(WlAbNL)99877928902419
=035  \\$a(StEdALDL)1/3704421
=035  \\$a(UkOxU)021234734
=040  \\$aStEdALDL$beng$cStEdALDL$dWlAbNL$erda
=042  \\$aukscp
=100  1\$aSchivardi, Fabiano,$eauthor.
=245  14$aThe IT revolution and Southern Europe's two lost decades /$cFabiano Schivardi and Tom Schmitz.
=246  3\$aInformation technology revolution and Southern Europe's two lost decades
=264  \1$aLondon :$bCentre for Economic Policy Research,$c05 April 2018.
=300  \\$a65 pages :$billustrations (black and white) ;$c21 cm.
=336  \\$atext$btxt$2rdacontent
=336  \\$astill image$bsti$2rdacontent
=337  \\$aunmediated$bn$2rdamedia
=338  \\$avolume$bnc$2rdacarrier
=490  1\$aDiscussion paper series,$x0265-8003$aIndustrial organization$aMacroeconomics and growth ;$vDP12843
=500  \\$a"Submitted 05 April 2018"--Title page.
=504  \\$aIncludes bibliographical references (pages 43-46).
=520  \\$a"Since the middle of the 1990s, productivity growth in Southern Europe has been substantially lower than in other developed countries. In this paper, we argue that this divergence was partly caused by inefficient management practices, which limited Southern Europe's gains from the IT Revolution. To quantify this effect, we build a multi-country general equilibrium model with heterogeneous firms and workers. In our model, the IT Revolution generates divergence for three reasons. First, inefficient management limits Southern firms' productivity gains from IT adoption. Second, IT increases the aggregate importance of management, making its inefficiencies more salient. Third, IT-driven wage increases in other countries stimulate Southern high-skill emigration. We calibrate our model using firm-level evidence, and show that it can account for 28% of Italy's, 39% of Spain's and 67% of Portugal's productivity divergence with respect to Germany between 1995 to 2008."--Abstract.
=650  \0$aLabor productivity$zEurope, Southern.
=650  \0$aIndustrial productivity$zEurope, Southern.
=650  \0$aInformation technology$xEconomic aspects$zEurope, Southern.
=650  \0$aIndustrial management$xEconomic aspects$zEurope, Southern.
=700  1\$aSchmitz, Tom,$d1986-$eauthor.
=830  \0$aDiscussion paper (Centre for Economic Policy Research (Great Britain)).$pIndustrial organization ;$vno. 12843.
=830  \0$aDiscussion paper (Centre for Economic Policy Research (Great Britain)).$pMacroeconomics and growth ;$vno. 12843.
=852  41$aBritish Library$bHMNTS$jYK.2019.a.32
=856  40$uhttp://www.cepr.org/active/publications/discussion_papers/dp.php?dpno=12843
=985  \\$aAwaiting NetCat DDC
=985  \\$aLDLSCP record - no ISBN match on import to BLL01
=CAT  \\$aBATCH-LDLN$b00$c20180820$lBLL01$h2120
=CAT  \\$aBATCH-UPD$b00$c20180820$lBLL01$h2120
=CAT  \\$aBATCH-016$c20181212$lBLL01$h2157
=CAT  \\$a10999$b40$c20190102$lBLL01$h1054
=FMT  \\$a  BK
=LAS  \\$a10999$b40$c20190102$lBLL01$h1054

