=LDR  03083 am a2200529 i 4500
=001  019031126
=003  Uk
=005  20190102104434.0
=008  180625s2018\\\\enka\\\\\b\\\\000\0\eng\c
=015  \\$aGBB8F7874$2bnb
=016  7\$a019031126$2Uk
=020  \\$cNo price$qpaperback
=035  \\$a(WlAbNL)99880038902419
=035  \\$a(StEdALDL)1/3706101
=035  \\$a(UkOxU)021234962
=040  \\$aStEdALDL$beng$cStEdALDL$dWlAbNL$erda
=042  \\$aukscp
=100  1\$aBreugem, Matthijs,$eauthor.
=245  10$aInstitutional investors and information acquisition :$bimplications for asset prices and informational efficiency /$cMatthijs Breugem and Adrian Buss.
=264  \1$aLondon :$bCentre for Economic Policy Research,$c30 April 2018.
=300  \\$a48 pages :$billustrations (black and white) ;$c21 cm.
=336  \\$atext$btxt$2rdacontent
=336  \\$astill image$bsti$2rdacontent
=337  \\$aunmediated$bn$2rdamedia
=338  \\$avolume$bnc$2rdacarrier
=490  1\$aDiscussion paper series,$x0265-8003$aFinancial economics ;$vDP12900
=500  \\$a"Submitted 30 April 2018"--Title page.
=504  \\$aIncludes bibliographical references (pages 46-48).
=520  \\$a"We study the joint portfolio and information choice problem of institutional investors who are concerned about their performance relative to a benchmark. Benchmarking influences information choices through two distinct economic mechanisms. First, benchmarking reduces the number of shares in investors' portfolios that are sensitive to private information. Second, benchmarking limits investors' willingness to speculate. Both effects imply a decline in the value of private information. Hence, in equilibrium, investors acquire less information and informational efficiency declines. As a result, return volatility increases and benchmarking can cause a decline in equilibrium stock prices. Moreover, less-benchmarked institutional investors outperform more-benchmarked ones."--Abstract.
=650  \0$aInstitutional investors$zUnited States$xEconometric models.
=650  \0$aBenchmarking (Management)$zUnited States$xEconometric models.
=650  \0$aInstitutional investments$zUnited States$xEconometric models.
=650  \0$aPortfolio management$zUnited States$xEconometric models.
=650  \0$aAsset allocation$zUnited States$xEconometric models.
=650  \0$aStocks$xPrices$zUnited States$xEconometric models.
=700  1\$aBuss, Adrian,$eauthor.
=830  \0$aDiscussion paper (Centre for Economic Policy Research (Great Britain)).$pFinancial economics ;$vno. 12900.
=852  41$aBritish Library$bHMNTS$jYK.2019.a.25
=856  40$uhttp://www.cepr.org/active/publications/discussion_papers/dp.php?dpno=12900
=985  \\$aAwaiting NetCat DDC
=985  \\$aLDLSCP record - no ISBN match on import to BLL01
=CAT  \\$aBATCH-LDLN$b00$c20180827$lBLL01$h2105
=CAT  \\$aBATCH-UPD$b00$c20180827$lBLL01$h2105
=CAT  \\$aBATCH-016$c20181212$lBLL01$h2157
=CAT  \\$a10999$b40$c20190102$lBLL01$h1044
=FMT  \\$a  BK
=LAS  \\$a10999$b40$c20190102$lBLL01$h1044

