=LDR  03223 am a2200529 i 4500
=001  019031132
=003  Uk
=005  20190107110931.0
=008  180628s2018\\\\enkab\\\\b\\\\000\0\eng\c
=015  \\$aGBB8F7880$2bnb
=016  7\$a019031132$2Uk
=020  \\$cNo price$qpaperback
=035  \\$a(WlAbNL)99880039702419
=035  \\$a(StEdALDL)1/3706431
=035  \\$a(UkOxU)021239729
=040  \\$aStEdALDL$beng$cStEdALDL$dWlAbNL$erda
=042  \\$aukscp
=100  1\$aSteinhauer, Andreas,$d1983-$eauthor.
=245  10$aWorking moms, childlessness, and female identity /$cAndreas Steinhauer.
=264  \1$aLondon :$bCentre for Economic Policy Research,$c11 May 2018.
=300  \\$a58 pages :$billustrations (black and white), maps (black and white) ;$c21 cm.
=336  \\$atext$btxt$2rdacontent
=336  \\$astill image$bsti$2rdacontent
=336  \\$acartographic image$bcri$2rdacontent
=337  \\$aunmediated$bn$2rdamedia
=338  \\$avolume$bnc$2rdacarrier
=490  1\$aDiscussion paper series,$x0265-8003$aLabour economics ;$vDP12929
=500  \\$a"Submitted 11 May 2018"--Title page.
=504  \\$aIncludes bibliographical references (pages 30-34).
=520  \\$a"In this paper I provide empirical evidence that the strength of beliefs regarding the harm children suffer when their mothers work plays an important role in explaining gender gaps in labor market outcomes and fertility trends. I exploit a unique setting in Switzerland and compare outcomes of one cohort of Swiss women born in the 1950s either into the French or German ethno-linguistic group. This allows me to compare outcomes of women exposed to different norms regarding working mothers while holding constant typical confounding factors such as composition, labor market opportunities, and work-family policies. Consistent with the strong belief that children suffer with working mothers in the German region, I find that German-born women are 15-25% less likely to work as mothers and 20-20% more likely to remain childless compared to their French-born peers. Only the extensive margins show marked differences and especially among the highly educated. I argue that an identity framework along the lines of Akerlof and Kranton (2000) can rationalize these patterns in a tractable way."--Abstract.
=650  \0$aMothers$xEmployment$zSwitzerland$xHistory.
=650  \0$aWomen$xEmployment$zSwitzerland$xHistory.
=650  \0$aLabor supply$zSwitzerland$xHistory.
=650  \0$aFertility, Human$xEconomic aspects.
=650  \0$aIdentity (Psychology)
=650  \0$aEconomics$xSociological aspects.
=830  \0$aDiscussion paper (Centre for Economic Policy Research (Great Britain)).$pLabour economics ;$vno. 12929.
=852  41$aBritish Library$bHMNTS$jYK.2019.a.255
=856  40$uhttp://www.cepr.org/active/publications/discussion_papers/dp.php?dpno=12929
=985  \\$aAwaiting NetCat DDC
=985  \\$aLDLSCP record - no ISBN match on import to BLL01
=CAT  \\$aBATCH-LDLN$b00$c20180827$lBLL01$h2105
=CAT  \\$aBATCH-UPD$b00$c20180827$lBLL01$h2105
=CAT  \\$aBATCH-016$c20190102$lBLL01$h2144
=CAT  \\$a10999$b40$c20190107$lBLL01$h1109
=FMT  \\$a  BK
=LAS  \\$a10999$b40$c20190107$lBLL01$h1109

