=LDR  03501 am a2200505 i 4500
=001  019031146
=003  Uk
=005  20190102110603.0
=008  180619s2018\\\\enka\\\\\b\\\\000\0\eng\c
=015  \\$aGBB8F7894$2bnb
=016  7\$a019031146$2Uk
=020  \\$cNo price$qpaperback
=035  \\$a(WlAbNL)99877929002419
=035  \\$a(StEdALDL)1/3704419
=035  \\$a(UkOxU)021234732
=040  \\$aStEdALDL$beng$cStEdALDL$dWlAbNL$erda
=042  \\$aukscp
=100  1\$aAlbert, Christoph,$d1988-$eauthor.
=245  10$aImmigrants' residential choices and their consequences /$cChristoph Albert and Joan Monras.
=264  \1$aLondon :$bCentre for Economic Policy Research,$c04 April 2018.
=300  \\$a56 pages :$billustrations (black and white) ;$c21 cm.
=336  \\$atext$btxt$2rdacontent
=336  \\$astill image$bsti$2rdacontent
=337  \\$aunmediated$bn$2rdamedia
=338  \\$avolume$bnc$2rdacarrier
=490  1\$aDiscussion paper series,$x0265-8003$aLabour economics$aInternational trade and regional economics ;$vDP12842
=500  \\$a"Submitted 04 April 2018"--Title page.
=504  \\$aIncludes bibliographical references (pages 37-41).
=520  \\$a"This paper investigates the causes and effects of the spatial distribution of immigrants across US cities. We document that: a) immigrants concentrate in large, high-wage, expensive cities, b) the earnings gap between immigrants and natives is higher in larger, more expensive cities, and c) immigrants consume less locally than natives. In order to explain these findings, we develop a quantitative spatial equilibrium model in which immigrants consume a fraction of their income in their countries of origin. Thus, immigrants care not only about local prices, but also about price levels in their home countries. This gives them a comparative advantage relative to natives for living in high-wage, high-price, high-productivity cities, where they also accept lower wages than natives. These incentives are stronger for immigrants coming from lower-price index countries of origin. We rely on immigrant heterogeneity to estimate the model. With the estimated model, we show that current levels of immigration have reduced economic activity in smaller, less productive cities by around 5 percent, while they have expanded it in large, productive cities by around 6 percent. This has increased total aggregate output per worker by around 0.3 percent. We also discuss the welfare implications of these results."--Abstract.
=650  \0$aImmigrants$zUnited States$xDecision making.
=650  \0$aPopulation geography$zUnited States.
=651  \0$aUnited States$xEmigration and immigration$xSocial aspects.
=700  1\$aMonras, Joan,$d1983-$eauthor.
=830  \0$aDiscussion paper (Centre for Economic Policy Research (Great Britain)).$pLabour economics ;$vno. 12842.
=830  \0$aDiscussion paper (Centre for Economic Policy Research (Great Britain)).$pInternational trade and regional economics ;$vno. 12842.
=852  41$aBritish Library$bHMNTS$jYK.2019.a.40
=856  40$uhttp://www.cepr.org/active/publications/discussion_papers/dp.php?dpno=12842
=985  \\$aAwaiting NetCat DDC
=985  \\$aLDLSCP record - no ISBN match on import to BLL01
=CAT  \\$aBATCH-LDLN$b00$c20180827$lBLL01$h2105
=CAT  \\$aBATCH-UPD$b00$c20180827$lBLL01$h2105
=CAT  \\$aBATCH-016$c20181212$lBLL01$h2157
=CAT  \\$a10999$b40$c20190102$lBLL01$h1106
=FMT  \\$a  BK
=LAS  \\$a10999$b40$c20190102$lBLL01$h1106

