=LDR  03409 am a2200493 i 4500
=001  019031148
=003  Uk
=005  20190102112121.0
=008  180619s2018\\\\enka\\\\\b\\\\000\0\eng\c
=015  \\$aGBB8F7896$2bnb
=016  7\$a019031148$2Uk
=020  \\$cNo price$qpaperback
=035  \\$a(WlAbNL)99878842402419
=035  \\$a(StEdALDL)1/3704425
=035  \\$a(UkOxU)021234738
=040  \\$aStEdALDL$beng$cStEdALDL$dWlAbNL$erda
=042  \\$aukscp
=100  1\$aLange, Rutger-Jan,$d1983-$eauthor.
=245  14$aThe option value of vacant land and the optimal timing of city extensions /$cRutger-Jan Lange and Coen N Teulings.
=264  \1$aLondon :$bCentre for Economic Policy Research,$c06 April 2018.
=300  \\$a59 pages :$billustrations (black and white) ;$c21 cm.
=336  \\$atext$btxt$2rdacontent
=336  \\$astill image$bsti$2rdacontent
=337  \\$aunmediated$bn$2rdamedia
=338  \\$avolume$bnc$2rdacarrier
=490  1\$aDiscussion paper series,$x0265-8003$aInternational trade and regional economics ;$vDP12847
=500  \\$a"Submitted 06 April 2018"--Title page.
=504  \\$aIncludes bibliographical references (pages 43-45).
=520  \\$a"Classic real options theory rests on two debatable assumptions: projects require a fixed investment and generate cash flows that follow a random walk. Relaxing both assumptions leads to radically different conclusions regarding the optimal timing of investment. We model investment using a Stone-Geary production function (Leontief and Cobb-Douglas are special cases) and growth as a mean-reverting Brownian motion. The solution method for this option valuation problem is non-trivial because the state space is two dimensional (level of the cash flow and its growth). For Leontief, the optimal policy is intuitive; the moment of investment involves a trade-off between the level of the cash ow and its growth. For Cobb-Douglas, in contrast, the optimal moment of investment depends only on the growth. More surprisingly, investment should be delayed when growth is high. This conclusion persists in the general Stone-Geary case. Applied to urban real estate, this suggests that up to 20% of cities should delay new construction because of high growth. The option value of vacant land may represent 60% of the value of new construction. High prices of vacant land may thus result from rational investor behavior rather than regulatory inefficiency. Our analysis should be widely applicable, for example to investment in high-growth companies."--Abstract.
=650  \0$aReal property$xPrices$xEconometric models.
=650  \0$aReal options (Finance)$xEconometric models.
=650  \0$aCities and towns$xGrowth$xEconometric models.
=700  1\$aTeulings, C. N.,$eauthor.
=830  \0$aDiscussion paper (Centre for Economic Policy Research (Great Britain)).$pInternational trade and regional economics ;$vno. 12847.
=852  41$aBritish Library$bHMNTS$jYK.2019.a.50
=856  40$uhttp://www.cepr.org/active/publications/discussion_papers/dp.php?dpno=12847
=985  \\$aAwaiting NetCat DDC
=985  \\$aLDLSCP record - no ISBN match on import to BLL01
=CAT  \\$aBATCH-LDLN$b00$c20180827$lBLL01$h2105
=CAT  \\$aBATCH-UPD$b00$c20180827$lBLL01$h2105
=CAT  \\$aBATCH-016$c20181212$lBLL01$h2157
=CAT  \\$a10999$b40$c20190102$lBLL01$h1121
=FMT  \\$a  BK
=LAS  \\$a10999$b40$c20190102$lBLL01$h1121

