=LDR  03508 am a2200493 i 4500
=001  019031158
=003  Uk
=005  20190103134223.0
=008  180628s2018\\\\enka\\\\\b\\\\000\0\eng\c
=015  \\$aGBB8F7906$2bnb
=016  7\$a019031158$2Uk
=020  \\$cNo price$qpaperback
=035  \\$a(WlAbNL)99880038802419
=035  \\$a(StEdALDL)1/3706456
=035  \\$a(UkOxU)021239753
=040  \\$aStEdALDL$beng$cStEdALDL$dUkOxU$dWlAbNL$erda
=042  \\$aukscp
=100  1\$aCosta, Francisco$q(Francisco Junqueira Moreira da),$eauthor.
=245  10$aHysteresis and the welfare effect of corrective policies :$btheory and evidence from an energy-saving program /$cFrancisco Costa and Francois Gerard.
=264  \1$aLondon :$bCentre for Economic Policy Research,$c05 May 2018.
=300  \\$a55 pages :$billustrations (black and white) ;$c21 cm.
=336  \\$atext$btxt$2rdacontent
=336  \\$astill image$bsti$2rdacontent
=337  \\$aunmediated$bn$2rdamedia
=338  \\$avolume$bnc$2rdacarrier
=490  1\$aDiscussion paper series,$x0265-8003$aPublic economics ;$vDP12916
=500  \\$a"Submitted 05 May 2018"--Title page.
=504  \\$aIncludes bibliographical references (pages 44-46).
=520  \\$a"A growing body of evidence documents that policies can affect household behaviors persistently, even if they are no longer in place. This paper studies the importance of such "hysteresis" -- the failure of an effect to reverse itself as its underlying cause is reversed -- for the welfare evaluation of corrective policies. First, we introduce hysteresis into the textbook framework used to derive canonical sufficient statistics formulas for the welfare effect of corrective policies. We then derive new formulas allowing for hysteresis. We show that, under certain conditions, the persistent effect of a short-run (i.e., temporary) policy becomes a new key statistic for evaluating the welfare effect of such a policy, and also of a long-run (i.e., permanent) version of a similar policy. Second, we estimate the persistent effect of a short-run policy, for which we argue that these conditions are met, in a policy-relevant context: residential electricity use in a developing country setting. We estimate that about half of the dramatic short-run reductions in residential electricity use induced by a 9-month-long policy that was imposed on millions of Brazilian households in 2001 persisted for at least 12 years after the policy ended. Finally, we combine our estimates with our framework to illustrate the implications that hysteresis can have for the welfare evaluation of corrective policies."--Abstract.
=650  \0$aHysteresis (Economics)
=650  \0$aElectric power consumption$xEconomic aspects$zBrazil.
=650  \0$aConsumers$xEnergy consumption$zBrazil$xPsychological aspects.
=700  1\$aGerard, Francois$c(College teacher),$eauthor.
=830  \0$aDiscussion paper (Centre for Economic Policy Research (Great Britain)).$pPublic economics ;$vno. 12916.
=852  41$aBritish Library$bHMNTS$jYK.2019.a.165
=856  40$uhttp://www.cepr.org/active/publications/discussion_papers/dp.php?dpno=12916
=985  \\$aAwaiting NetCat DDC
=985  \\$aLDLSCP record - no ISBN match on import to BLL01
=CAT  \\$aBATCH-LDLN$b00$c20180827$lBLL01$h2105
=CAT  \\$aBATCH-UPD$b00$c20180827$lBLL01$h2105
=CAT  \\$aBATCH-016$c20190102$lBLL01$h2144
=CAT  \\$a10999$b40$c20190103$lBLL01$h1342
=FMT  \\$a  BK
=LAS  \\$a10999$b40$c20190103$lBLL01$h1342

