=LDR  02617 am a2200505 i 4500
=001  019031164
=003  Uk
=005  20190102120442.0
=008  180619s2018\\\\enka\\\\\b\\\\000\0\eng\c
=015  \\$aGBB8F7912$2bnb
=016  7\$a019031164$2Uk
=020  \\$cNo price$qpaperback
=035  \\$a(WlAbNL)99877929502419
=035  \\$a(StEdALDL)1/3704446
=035  \\$a(UkOxU)021234758
=040  \\$aStEdALDL$beng$cStEdALDL$dWlAbNL$erda
=042  \\$aukscp
=100  1\$aBastani, Spencer,$eauthor.
=245  10$aHow should capital be taxed? :$bTheory and evidence from Sweden /$cSpencer Bastani and Daniel Waldenström.
=264  \1$aLondon :$bCentre for Economic Policy Research,$c18 April 2018.
=300  \\$a77 pages :$billustrations (black and white) ;$c21 cm.
=336  \\$atext$btxt$2rdacontent
=336  \\$astill image$bsti$2rdacontent
=337  \\$aunmediated$bn$2rdamedia
=338  \\$avolume$bnc$2rdacarrier
=490  1\$aDiscussion paper series,$x0265-8003$aPublic economics ;$vDP12880
=500  \\$a"Submitted 19 April 2018"--Title page.
=504  \\$aIncludes bibliographical references (pages 69-77).
=520  \\$a"This paper presents a comprehensive analysis of the role of capital taxation in advanced economies with a focus on the Swedish experience. We synthesize the existing theoretical literature, present facts about the capital stock and its distribution, review current capital tax practices and empirical findings regarding their effects on economic activity. The paper also examines the political feasibility of capital taxation by presenting results from a unique attitude survey targeted to a large representative sample of the Swedish population. Finally, we tie together our findings and discuss their implications for tax policy."--Abstract.
=650  \0$aIncome tax$zSweden.
=650  \0$aCapital levy$zSweden.
=650  \0$aTaxation$zSweden.
=650  \0$aIncome distribution$zSweden.
=700  1\$aWaldenström, Daniel,$d1974-$eauthor.
=830  \0$aDiscussion paper (Centre for Economic Policy Research (Great Britain)).$pPublic economics ;$vno. 12880.
=852  41$aBritish Library$bHMNTS$jYK.2019.a.68
=856  40$uhttp://www.cepr.org/active/publications/discussion_papers/dp.php?dpno=12880
=985  \\$aAwaiting NetCat DDC
=985  \\$aLDLSCP record - no ISBN match on import to BLL01
=CAT  \\$aBATCH-LDLN$b00$c20180827$lBLL01$h2105
=CAT  \\$aBATCH-UPD$b00$c20180827$lBLL01$h2105
=CAT  \\$aBATCH-016$c20181212$lBLL01$h2157
=CAT  \\$a10999$b40$c20190102$lBLL01$h1204
=FMT  \\$a  BK
=LAS  \\$a10999$b40$c20190102$lBLL01$h1204

