=LDR  02892 am a2200493 i 4500
=001  019031165
=003  Uk
=005  20190102104145.0
=008  180625s2018\\\\enka\\\\\b\\\\000\0\eng\c
=015  \\$aGBB8F7913$2bnb
=016  7\$a019031165$2Uk
=020  \\$cNo price$qpaperback
=035  \\$a(WlAbNL)99880039002419
=035  \\$a(StEdALDL)1/3706100
=035  \\$a(UkOxU)021234961
=040  \\$aStEdALDL$beng$cStEdALDL$dUkOxU$dWlAbNL$erda
=042  \\$aukscp
=100  1\$aAter, Itai,$eauthor.
=245  14$aThe impact of product recalls on the secondary market :$bevidence from Dieselgate /$cItai Ater and Nir Yosef.
=264  \1$aLondon :$bCentre for Economic Policy Research,$c28 April 2018.
=300  \\$a36 pages :$billustrations (black and white) ;$c21 cm.
=336  \\$atext$btxt$2rdacontent
=336  \\$astill image$bsti$2rdacontent
=337  \\$aunmediated$bn$2rdamedia
=338  \\$avolume$bnc$2rdacarrier
=490  1\$aDiscussion paper series,$x0265-8003$aIndustrial organization ;$vDP12899
=500  \\$a"Submitted 28 April 2018"--Title page.
=504  \\$aIncludes bibliographical references (pages 16-17).
=520  \\$a"We examine the effects of Volkswagen's emissions scandal ('Dieselgate') on the secondary car market in Israel. Using administrative data on all car transactions in Israel, we measure the scandal's effect on the number and the composition of transactions involving used vehicles made by the Volkswagen Group. We also use data from the leading classified ad website and measure the effect of the scandal on the resale price of used Volkswagen vehicles. According to our findings, the Volkswagen emissions scandal had a statistically significant negative effect on the number of transactions involving vehicles made by Volkswagen (nearly -18.0%) and on their resale price (nearly -6.0%). We also find that the reduction in the number of transactions was driven mostly by private sellers and that non-private sellers barely shied away from the market. We discuss potential explanations for these findings."--Abstract.
=650  \0$aAutomobiles$xPurchasing$zIsrael.
=650  \0$aProduct recall$xEconomic aspects$zIsrael.
=650  \0$aReputation$xEconomic aspects.
=700  1\$aYosef, Nir,$d1982-$eauthor.
=830  \0$aDiscussion paper (Centre for Economic Policy Research (Great Britain)).$pIndustrial organization ;$vno. 12899.
=852  41$aBritish Library$bHMNTS$jYK.2019.a.23
=856  40$uhttp://www.cepr.org/active/publications/discussion_papers/dp.php?dpno=12899
=985  \\$aAwaiting NetCat DDC
=985  \\$aLDLSCP record - no ISBN match on import to BLL01
=CAT  \\$aBATCH-LDLN$b00$c20180827$lBLL01$h2105
=CAT  \\$aBATCH-UPD$b00$c20180827$lBLL01$h2105
=CAT  \\$aBATCH-016$c20181212$lBLL01$h2157
=CAT  \\$a10999$b40$c20190102$lBLL01$h1041
=FMT  \\$a  BK
=LAS  \\$a10999$b40$c20190102$lBLL01$h1041

