=LDR  02587 am a2200481 i 4500
=001  019031172
=003  Uk
=005  20190102121619.0
=008  180628s2018\\\\enka\\\\\b\\\\000\0\eng\c
=015  \\$aGBB8F7920$2bnb
=016  7\$a019031172$2Uk
=020  \\$cNo price$qpaperback
=035  \\$a(WlAbNL)99880039502419
=035  \\$a(StEdALDL)1/3706454
=035  \\$a(UkOxU)021239751
=040  \\$aStEdALDL$beng$cStEdALDL$dWlAbNL$erda
=042  \\$aukscp
=100  1\$aHonda, Jun,$d1982-$eauthor.
=245  10$aNonlinear incentives and advisor bias /$cJun Honda and Roman Inderst.
=264  \1$aLondon :$bCentre for Economic Policy Research,$c05 May 2018.
=300  \\$a49 pages :$billustrations (black and white) ;$c21 cm.
=336  \\$atext$btxt$2rdacontent
=336  \\$astill image$bsti$2rdacontent
=337  \\$aunmediated$bn$2rdamedia
=338  \\$avolume$bnc$2rdacarrier
=490  1\$aDiscussion paper series,$x0265-8003$aIndustrial organization ;$vDP12914
=500  \\$a"Submitted 05 May 2018"--Title page.
=504  \\$aIncludes bibliographical references (pages 48-49).
=520  \\$a"We analyze firms' competition to steer an advisor's recommendations through potentially non-linear incentives. Even when firms are symmetric, so that the overall size of compensation would not distort advice when incentives were linear, advice is biased when firms are allowed to make compensation non-linear, which they optimally do. Policies that target an advisor's liability are largely ineffective, as firms react to such increased liability by making incentives even steeper, increasing bonus payments while reducing the linear (commission) part at the same time. This observation may justify policymakers' direct interference with firms' compensation practice, as frequently observed notably in consumer finance."--Abstract.
=650  \0$aIncentives in industry.
=650  \0$aEmployee motivation.
=700  1\$aInderst, Roman,$eauthor.
=830  \0$aDiscussion paper (Centre for Economic Policy Research (Great Britain)).$pIndustrial organization ;$vno. 12914.
=852  41$aBritish Library$bHMNTS$jYK.2019.a.73
=856  40$uhttp://www.cepr.org/active/publications/discussion_papers/dp.php?dpno=12914
=985  \\$aAwaiting NetCat DDC
=985  \\$aLDLSCP record - no ISBN match on import to BLL01
=CAT  \\$aBATCH-LDLN$b00$c20180827$lBLL01$h2105
=CAT  \\$aBATCH-UPD$b00$c20180827$lBLL01$h2105
=CAT  \\$aBATCH-016$c20181212$lBLL01$h2157
=CAT  \\$a10999$b40$c20190102$lBLL01$h1216
=FMT  \\$a  BK
=LAS  \\$a10999$b40$c20190102$lBLL01$h1216

