=LDR  02969 am a2200517 i 4500
=001  019038789
=003  Uk
=005  20190107120018.0
=008  180726s2018\\\\enka\\\\\b\\\\000\0\eng\c
=015  \\$aGBB8G2053$2bnb
=016  7\$a019038789$2Uk
=020  \\$cNo price$qpaperback
=035  \\$a(WlAbNL)99884321702419
=035  \\$a(StEdALDL)1/3715401
=035  \\$a(UkOxU)021262863
=040  \\$aStEdALDL$beng$cStEdALDL$dWlAbNL$erda
=042  \\$aukscp
=100  1\$aCasey, Gregory,$eauthor.
=245  10$aInstrumental variables in the long run /$cGregory Casey and Marc Klemp.
=264  \1$aLondon :$bCentre for Economic Policy Research,$c07 June 2018.
=300  \\$a42 pages :$billustrations (black and white) ;$c21 cm.
=336  \\$atext$btxt$2rdacontent
=336  \\$astill image$bsti$2rdacontent
=337  \\$aunmediated$bn$2rdamedia
=338  \\$avolume$bnc$2rdacarrier
=490  1\$aDiscussion paper series,$x0265-8003$aDevelopment economics$aEconomic history$aMacroeconomics and growth ;$vDP12980
=500  \\$a"Submitted 07 June 2018"--Title page.
=504  \\$aIncludes bibliographical references (pages 39-42).
=520  \\$a"We study the interpretation of instrumental variable (IV) regressions that use historical or geographical instruments for contemporary endogenous regressors. We find that conventional IV regressions generally cannot estimate the long-run causal effect of an endogenous explanatory variable when there is a time gap between the instrument and the endogenous variable. We develop a model that can overcome this problem and apply our results to important topics in the field of economic growth, including the effect of institutions on economic growth. We find effects that are smaller than those estimated in the existing literature, demonstrating the quantitative importance of our study."--Abstract.
=650  \0$aEconomic development$xHistory$xEconometric models.
=650  \0$aEconomic geography$xHistory$xEconometric models.
=650  \0$aRegression analysis.
=700  1\$aKlemp, Marc P. B.$q(Marc Patrick Brag),$d1985-$eauthor.
=830  \0$aDiscussion paper (Centre for Economic Policy Research (Great Britain)).$pDevelopment economics ;$vno. 12980.
=830  \0$aDiscussion paper (Centre for Economic Policy Research (Great Britain)).$pEconomic history ;$vno. 12980.
=830  \0$aDiscussion paper (Centre for Economic Policy Research (Great Britain)).$pMacroeconomics and growth ;$vno. 12980.
=852  41$aBritish Library$bHMNTS$jYK.2019.a.272
=856  40$uhttp://www.cepr.org/active/publications/discussion_papers/dp.php?dpno=12980
=985  \\$aAwaiting NetCat DDC
=985  \\$aLDLSCP record - no ISBN match on import to BLL01
=CAT  \\$aBATCH-LDLN$b00$c20180903$lBLL01$h2122
=CAT  \\$aBATCH-UPD$b00$c20180903$lBLL01$h2123
=CAT  \\$aBATCH-016$c20190102$lBLL01$h2144
=CAT  \\$a10999$b40$c20190107$lBLL01$h1200
=FMT  \\$a  BK
=LAS  \\$a10999$b40$c20190107$lBLL01$h1200

