=LDR  02844 am a2200505 i 4500
=001  019038790
=003  Uk
=005  20190104112902.0
=008  180726s2018\\\\enka\\\\\b\\\\000\0\eng\c
=015  \\$aGBB8G2054$2bnb
=016  7\$a019038790$2Uk
=020  \\$cNo price$qpaperback
=035  \\$a(WlAbNL)99884322502419
=035  \\$a(StEdALDL)1/3715390
=035  \\$a(UkOxU)021262852
=040  \\$aStEdALDL$beng$cStEdALDL$dWlAbNL$erda
=042  \\$aukscp
=100  1\$aAnderson, Simon P.,$eauthor.
=245  14$aThe importance of consumer multi-homing (joint purchases) for market performance :$bmergers and entry in media markets /$cSimon P. Anderson, Øystein Foros and Hans Jarle Kind.
=264  \1$aLondon :$bCentre for Economic Policy Research,$c29 June 2018.
=300  \\$a19 pages :$billustrations (black and white) ;$c21 cm.
=336  \\$atext$btxt$2rdacontent
=336  \\$astill image$bsti$2rdacontent
=337  \\$aunmediated$bn$2rdamedia
=338  \\$avolume$bnc$2rdacarrier
=490  1\$aDiscussion paper series,$x0265-8003$aIndustrial organization ;$vDP13022
=500  \\$a"Submitted 30 June 2018"--Title page.
=504  \\$aIncludes bibliographical references (pages 17-19).
=520  \\$a"Consumer "multi-homing" (watching two TV channels, or buying two news magazines) has surprisingly important effects on market equilibrium and performance in (two-sided) media markets. We show this by introducing consumer multi-homing and advertising-finance into the classic circle model of product differentiation. When consumers multi-home (attend more than one platform), media platforms can charge only incremental-value prices to advertisers. Entry or merger leaves consumer prices unchanged under consumer multi-homing, but leaves advertiser prices unchanged under single-homing: multi-homing flips the side of the market on which platforms compete. In contrast to standard circle results, equilibrium product variety can be insufficient under multi-homing."--Abstract.
=650  \0$aConsumers' preferences$xEconometric models.
=650  \0$aMass media.
=650  \0$aMulti-sided platform businesses.
=700  1\$aForos, Øystein,$eauthor.
=700  1\$aKind, Hans Jarle,$eauthor.
=830  \0$aDiscussion paper (Centre for Economic Policy Research (Great Britain)).$pIndustrial organization ;$vno. 13022.
=852  41$aBritish Library$bHMNTS$jYK.2019.a.210
=856  40$uhttp://www.cepr.org/active/publications/discussion_papers/dp.php?dpno=13022
=985  \\$aAwaiting NetCat DDC
=985  \\$aLDLSCP record - no ISBN match on import to BLL01
=CAT  \\$aBATCH-LDLN$b00$c20180903$lBLL01$h2122
=CAT  \\$aBATCH-UPD$b00$c20180903$lBLL01$h2123
=CAT  \\$aBATCH-016$c20181219$lBLL01$h2155
=CAT  \\$a5004$b40$c20190104$lBLL01$h1129
=FMT  \\$a  BK
=LAS  \\$a5004$b40$c20190104$lBLL01$h1129

