=LDR  02896 am a2200517 i 4500
=001  019038791
=003  Uk
=005  20190107115837.0
=008  180726s2018\\\\enka\\\\\b\\\\000\0\eng\c
=015  \\$aGBB8G2055$2bnb
=016  7\$a019038791$2Uk
=020  \\$cNo price$qpaperback
=035  \\$a(WlAbNL)99884323202419
=035  \\$a(StEdALDL)1/3715388
=035  \\$a(UkOxU)021262850
=040  \\$aStEdALDL$beng$cStEdALDL$dWlAbNL$erda
=042  \\$aukscp
=100  1\$aPhilippon, Thomas,$eauthor.
=245  10$aHow EU markets became more competitive than US markets :$ba study of institutional drift /$cThomas Philippon and German Gutierrez.
=264  \1$aLondon :$bCentre for Economic Policy Research,$c10 June 2018.
=300  \\$a74 pages :$billustrations (black and white) ;$c21 cm.
=336  \\$atext$btxt$2rdacontent
=336  \\$astill image$bsti$2rdacontent
=337  \\$aunmediated$bn$2rdamedia
=338  \\$avolume$bnc$2rdacarrier
=490  1\$aDiscussion paper series,$x0265-8003$aFinancial economics ;$vDP12983
=500  \\$a"Submitted 10 June 2018"--Title page.
=504  \\$aIncludes bibliographical references (pages 38-42).
=520  \\$a"Until the 1990's, US markets were more competitive than European markets. Today, European markets have lower concentration, lower excess profits and lower regulatory barriers to entry. We document this surprising outcome and propose an explanation using a model of political support. Politicians care about consumer welfare but also enjoy retaining control over industrial policy. We show that politicians from different countries who set up a common regulator will make it more independent and more pro-competition than the national ones it replaces. Our comparative analysis of antitrust policy reveals strong support for this and other predictions of the model."--Abstract.
=650  \0$aCompetition$xGovernment policy$zEuropean Union countries$xEconometric models.
=650  \0$aCompetition$xGovernment policy$zUnited States$xEconometric models.
=650  \0$aIndustrial concentration$zEuropean Union countries$xEconometric models.
=650  \0$aIndustrial concentration$zUnited States$xEconometric models.
=650  \0$aEconomic policy.
=700  1\$aGutierrez, German,$d1988-$eauthor.
=830  \0$aDiscussion paper (Centre for Economic Policy Research (Great Britain)).$pFinancial economics ;$vno. 12983.
=852  41$aBritish Library$bHMNTS$jYK.2019.a.271
=856  40$uhttp://www.cepr.org/active/publications/discussion_papers/dp.php?dpno=12983
=985  \\$aAwaiting NetCat DDC
=985  \\$aLDLSCP record - no ISBN match on import to BLL01
=CAT  \\$aBATCH-LDLN$b00$c20180903$lBLL01$h2122
=CAT  \\$aBATCH-UPD$b00$c20180903$lBLL01$h2123
=CAT  \\$aBATCH-016$c20190102$lBLL01$h2144
=CAT  \\$a10999$b40$c20190107$lBLL01$h1158
=FMT  \\$a  BK
=LAS  \\$a10999$b40$c20190107$lBLL01$h1158

