=LDR  03093 am a2200541 i 4500
=001  019038792
=003  Uk
=005  20190103135643.0
=008  180726s2018\\\\enkab\\\\b\\\\000\0\eng\c
=015  \\$aGBB8G2056$2bnb
=016  7\$a019038792$2Uk
=020  \\$cNo price$qpaperback
=035  \\$a(WlAbNL)99884323302419
=035  \\$a(StEdALDL)1/3715392
=035  \\$a(UkOxU)021262854
=040  \\$aStEdALDL$beng$cStEdALDL$dWlAbNL$erda
=042  \\$aukscp
=100  1\$aPleijt, Alexandra de,$eauthor.
=245  10$aHuman capital formation during the first Industrial Revolution :$bevidence from the use of steam engines /$cAlexandra de Pleijt, Alessandro Nuvolari and Jacob Weisdorf.
=264  \1$aLondon :$bCentre for Economic Policy Research,$c12 June 2018.
=300  \\$a81 pages, 17 unnumbered pages :$billustrations (black and white), maps (black and white) ;$c21 cm.
=336  \\$atext$btxt$2rdacontent
=336  \\$astill image$bsti$2rdacontent
=336  \\$acartographic image$bcri$2rdacontent
=337  \\$aunmediated$bn$2rdamedia
=338  \\$avolume$bnc$2rdacarrier
=490  1\$aDiscussion paper series,$x0265-8003$aEconomic history ;$vDP12987
=500  \\$a"Submitted 12 June 2018"--Title page.
=504  \\$aIncludes bibliographical references (pages 58-63).
=520  \\$a"We examine the effect of technical change on human capital formation during England's Industrial Revolution. Using the number of steam engines installed by 1800 as a synthetic indicator of technological change, and occupational statistics to measure working skills (using HISCLASS), we establish a positive correlation between the use of steam engines and the share of skilled workers at the county level. We use exogenous variation in carboniferous rock strata (containing coal to fuel the engines) to show that the effect was causal. While technological change stimulated the formation of working skills, it had an overall negative effect on the formation of primary education, captured by literacy and school enrolment rates. It also led to higher gender inequality in literacy."--Abstract.
=650  \0$aHuman capital$zEngland$xHistory.
=650  \0$aEconomic development$zEngland$xHistory.
=650  \0$aEconomic history.
=650  \0$aTechnological innovations$xEconomic aspects$zEngland$xHistory.
=650  \0$aSteam-engines$xEconomic aspects$zEngland$xHistory.
=700  1\$aNuvolari, Alessandro,$eauthor.
=700  1\$aWeisdorf, Jacob,$eauthor.
=830  \0$aDiscussion paper (Centre for Economic Policy Research (Great Britain)).$pEconomic history ;$vno. 12987.
=852  41$aBritish Library$bHMNTS$jYK.2019.a.176
=856  40$uhttp://www.cepr.org/active/publications/discussion_papers/dp.php?dpno=12987
=985  \\$aAwaiting NetCat DDC
=985  \\$aLDLSCP record - no ISBN match on import to BLL01
=CAT  \\$aBATCH-LDLN$b00$c20180903$lBLL01$h2122
=CAT  \\$aBATCH-UPD$b00$c20180903$lBLL01$h2123
=CAT  \\$aBATCH-016$c20190102$lBLL01$h2144
=CAT  \\$a10999$b40$c20190103$lBLL01$h1356
=FMT  \\$a  BK
=LAS  \\$a10999$b40$c20190103$lBLL01$h1356

