=LDR  03130aam a2200529 i 4500
=001  017586702
=003  Uk
=005  20160628141321.0
=008  150921s2015\\\\enk\\\\\\b\\\\000\0\eng\c
=015  \\$aGBB5F2182$2bnb
=016  7\$a017586702$2Uk
=020  \\$qpaperback
=035  \\$a(WlAbNL)vtls006925611
=040  \\$aStEdALDL$beng$cStEdALDL$dWlAbNL$dUk$erda
=042  \\$aukscp
=082  04$a331.215$223
=100  1\$aBrügemann, Björn,$eauthor.
=245  10$aIntra firm bargaining and Shapley values /$cBjörn Brügemann, Pieter A. Gautier and Guido Menzio.
=264  \1$aLondon :$bCentre for Economic Policy Research,$cAugust 2015.
=300  \\$a46 pages ;$c21 cm.
=336  \\$atext$btxt$2rdacontent
=337  \\$aunmediated$bn$2rdamedia
=338  \\$avolume$bnc$2rdacarrier
=490  1\$aDiscussion paper series,$x0265-8003$aInternational macroeconomics and finance$aIndustrial organization$aLabour economics$aMacroeconomics and growth ;$vno. 10794
=500  \\$a"Submitted 21 August 2015."
=504  \\$aIncludes bibliographical references (pages 38-39).
=520  \\$aThe paper revisits the problem of wage bargaining between a firm and multiple workers. We show that the Subgame Perfect Equilibrium of the extensive-form game proposed by Stole and Zwiebel (1996a) does not imply a profile of wages and profits that coincides with the Shapley values as claimed in their classic paper. We propose an alternative extensive-form bargaining game, the Rolodex Game, that follows a simple and realistic protocol and that, under some mild restrictions, admits a unique Subgame Perfect Equilibrium generating a profile of wages and profits that are equal to the Shapley values. The vast applied literature that refers to the Stole and Zwiebel game to give a game-theoretic foundation to the use of the Shapley values as the outcome of the bargain between a firm and multiple workers should instead refer to the Rolodex game.
=588  \\$aDescription based on online resource; title from http://www.cepr.org/active/publications/discussion_papers/dp.php?dpno=10794 viewed September 22, 2015.
=650  \0$aGame theory$xEconometric models.
=650  \0$aWage bargaining$xEconometric models.
=690  7\$aManagement and Business Studies$2blcoll
=700  1\$aGautier, Pieter,$eauthor.
=700  1\$aMenzio, Guido,$eauthor.
=710  2\$aCentre for Economic Policy Research (Great Britain),$eissuing body.
=830  \0$aDiscussion paper (Centre for Economic Policy Research (Great Britain)) ;$vno. 10794.
=852  41$aBritish Library$bHMNTS$jYK.2016.a.2352
=856  40$uhttp://www.cepr.org/active/publications/discussion_papers/dp.php?dpno=10794
=985  \\$aLDLSCP record - no ISBN match on import to BLL01
=CAT  \\$aBATCH-LDLN$b00$c20151019$lBLL01$h2113
=CAT  \\$aBATCH-UPD$b00$c20151019$lBLL01$h2114
=CAT  \\$a12666$b40$c20160510$lBLL01$h1120
=CAT  \\$a5751$b40$c20160628$lBLL01$h1413
=CAT  \\$aBATCH-MBS$c20160708$lBLL01$h2102
=CAT  \\$aWR16_021$c20160720$lBLL01$h1656
=FIN  \\$aY$d20160628
=FMT  \\$a  BK
=LAS  \\$aWR16_021$b00$c20160720$lBLL01$h1656

