=LDR  03133 am a2200481 i 4500
=001  017664803
=003  Uk
=005  20171218172249.0
=008  151022s2015\\\\enka\\\\\b\\\\000\0\eng\c
=015  \\$aGBB5H9250$2bnb
=016  7\$a017664803$2Uk
=020  \\$qpaperback
=035  \\$a(WlAbNL)99619228002419
=040  \\$aStEdALDL$beng$cStEdALDL$dWlAbNL$erda
=042  \\$aukscp
=100  1\$aKrueger, Dirk,$eauthor.
=245  10$aOn the optimal provision of social insurance :$bprogressive taxation versus education subsidies in general equilibrium /$cDirk Krueger and Alexander Ludwig.
=264  \1$aLondon :$bCentre for Economic Policy Research,$cSeptember 2015.
=300  \\$a80 pages :$billustrations (black and white) ;$c21 cm
=336  \\$atext$btxt$2rdacontent
=336  \\$astill image$bsti$2rdacontent
=337  \\$aunmediated$bn$2rdamedia
=338  \\$avolume$bnc$2rdacarrier
=500  \\$a"Submitted 31 September 2015."
=504  \\$aIncludes bibliographical references (pages 46-50).
=520  \\$aIn this paper we compute the optimal tax and education policy transition in an economy where progressive taxes provide social insurance against idiosyncratic wage risk, but distort the education decision of households. Optimally chosen tertiary education subsidies mitigate these distortions. We highlight the quantitative importance of general equilibrium feedback effects from policies to relative wages of skilled and unskilled workers: subsidizing higher education increases the share of workers with a college degree thereby reducing the college wage premium which has important redistributive benefits. We also argue that a full characterization of the transition path is crucial for policy evaluation. We find that optimal education policies are always characterized by generous tuition subsidies, but the optimal degree of income tax progressivity depends crucially on whether transitional costs of policies are explicitly taken into account and how strongly the college premium responds to policy changes in general equilibrium.
=650  \0$aTaxation$xEconometric models.
=650  \0$aTuition tax credits$xEconometric models.
=650  \0$aEducation$xEconomic aspects.
=700  1\$aLudwig, Alexander,$d1955-$eauthor.
=710  2\$aCentre for Economic Policy Research (Great Britain),$eissuing body.
=830  \0$aDiscussion paper (Centre for Economic Policy Research (Great Britain)).$pInternational macroeconomics and finance, macroeconomics and growth ;$vno. 10806.
=830  \0$aDiscussion paper (Centre for Economic Policy Research (Great Britain)).$pPublic economics ;$vno. 10806.
=852  41$aBritish Library$bHMNTS$jYK.2017.a.4854
=856  40$uhttp://www.cepr.org/active/publications/discussion_papers/dp.php?dpno=10806
=985  \\$aAwaiting NetCat DDC
=985  \\$aLDLSCP record - no ISBN match on import to BLL01
=CAT  \\$aBATCH-LDLN$b00$c20151214$lBLL01$h2117
=CAT  \\$aBATCH-UPD$b00$c20151214$lBLL01$h2117
=CAT  \\$aBATCH-016$c20170111$lBLL01$h2151
=CAT  \\$a5004$b40$c20171218$lBLL01$h1722
=FMT  \\$a  BK
=LAS  \\$a5004$b40$c20171218$lBLL01$h1722

