=LDR  02935aam a2200505 i 4500
=001  017664804
=003  Uk
=005  20171028122110.0
=008  151022s2015\\\\enka\\\\\b\\\\000\0\eng\c
=015  \\$aGBB5H9251$2bnb
=016  7\$a017664804$2Uk
=020  \\$qpaperback
=035  \\$a(WlAbNL)99619231502419
=040  \\$aStEdALDL$beng$cStEdALDL$dWlAbNL$dUk$erda
=042  \\$aukscp
=082  04$a332.1094$223
=100  1\$aKrogstrup, Signe,$eauthor.
=245  10$aOn the roles of different foreign currencies in European bank lending /$cSigne Krogstrup and Cédric Tille.
=264  \1$aLondon :$bCentre for Economic Policy Research,$cSeptember 2015.
=300  \\$a32 pages :$billustrations (black and white) ;$c21 cm
=336  \\$atext$btxt$2rdacontent
=336  \\$astill image$bsti$2rdacontent
=337  \\$aunmediated$bn$2rdamedia
=338  \\$avolume$bnc$2rdacarrier
=500  \\$a"Submitted 18 September 2015."
=504  \\$aIncludes bibliographical references (pages 22-23).
=520  \\$aWe draw on a new data set on the use of Swiss francs and other currencies by European banks to assess the patterns of foreign currency bank lending. We show that the patterns differ sharply across foreign currencies. The Swiss franc is used predominantly for lending to residents, especially households. It is sensitive to the interest rate differential, exchange rate developments, funding availability, and to some extent international trade. Lending in other currencies is more used in lending to resident nonfinancial firms, and mostly in cross-border lending, where it is sensitive to funding costs and trade. Policy measures aimed at foreign currency lending have a clear impact on lending to residents. Our analysis shows that not all foreign currencies are alike, and that any policy aimed at the use of foreign currencies needs to take this heterogeneity into account.
=650  \0$aBanks and banking, International$xEconometric models.
=650  \0$aLoans, Foreign$zEurope$xEconometric models.
=650  \0$aInternational finance.
=690  7\$aManagement and Business Studies$2blcoll
=700  1\$aTille, Cédric,$d1970-$eauthor.
=710  2\$aCentre for Economic Policy Research (Great Britain),$eissuing body.
=830  \0$aDiscussion paper (Centre for Economic Policy Research (Great Britain)).$pInternational macroeconomics and finance ;$vno. 10845.
=852  41$aBritish Library$bHMNTS$jYK.2017.a.4028
=856  40$uhttp://www.cepr.org/active/publications/discussion_papers/dp.php?dpno=10845
=985  \\$aLDLSCP record - no ISBN match on import to BLL01
=CAT  \\$aBATCH-LDLN$b00$c20151214$lBLL01$h2117
=CAT  \\$aBATCH-UPD$b00$c20151214$lBLL01$h2117
=CAT  \\$aBATCH-016$c20170111$lBLL01$h2151
=CAT  \\$a6989$b40$c20171028$lBLL01$h1221
=CAT  \\$aBATCH-MBS$c20171110$lBLL01$h2113
=FIN  \\$aY$d20171028
=FMT  \\$a  BK
=LAS  \\$aBATCH-MBS$b00$c20171110$lBLL01$h2113

