=LDR  03317aam a2200541 i 4500
=001  017664821
=003  Uk
=005  20171007141232.0
=008  151022s2015\\\\enka\\\\\b\\\\000\0\eng\c
=015  \\$aGBB5H9268$2bnb
=016  7\$a017664821$2Uk
=020  \\$qpaperback
=035  \\$a(WlAbNL)99619230902419
=040  \\$aStEdALDL$beng$cStEdALDL$dWlAbNL$dUk$erda
=042  \\$aukscp
=082  04$a331.120941$223
=100  1\$aGagliardi, Luisa,$eauthor.
=245  10$aOffshoring and the geography of jobs in Great Britain /$cLuisa Gagliardi, Simona Iammarino and Andrés Rodríguez-Pose.
=264  \1$aLondon :$bCentre for Economic Policy Research,$cSeptember 2015.
=300  \\$a35 pages :$billustrations (black and white) ;$c21 cm
=336  \\$atext$btxt$2rdacontent
=336  \\$astill image$bsti$2rdacontent
=337  \\$aunmediated$bn$2rdamedia
=338  \\$avolume$bnc$2rdacarrier
=500  \\$a"Submitted 21 September 2015."
=504  \\$aIncludes bibliographical references (pages 17-21).
=520  \\$aThis paper investigates the impact of the offshoring of production activities on domestic jobs in Great Britain. The paper considers both the spatial heterogeneity across local labour markets and variations in the intensity of outward flows of investments abroad (OFDI) across industries in order to shed new light on the job creation/destruction implications of offshoring. The results suggest that offshoring may generate significant job losses in routine occupations in areas that have been more exposed to the relocation of production abroad, regardless of whether the relocation has been to developed or developing/emerging countries. Offshoring to developing/emerging countries has, by contrast, a positive effect on the generation of non-routine jobs. Efficiency gains accruing from the international reorganization of production increase in the long-run, with compensation mechanisms operating through growth of employment in higher value added activities at home. Overall, our results uncover important spatial and interpersonal inequalities in job creation, which provide new challenges for public policy.
=650  \0$aOffshore outsourcing$zGreat Britain.
=650  \0$aLabor market$zGreat Britain.
=650  \0$aInternational business enterprises$xLocation.
=690  7\$aManagement and Business Studies$2blcoll
=690  7\$aSocial Welfare$2blcoll
=700  1\$aIammarino, Simona,$eauthor.
=700  1\$aRodríguez-Pose, Andrés,$eauthor.
=710  2\$aCentre for Economic Policy Research (Great Britain),$eissuing body.
=830  \0$aDiscussion paper (Centre for Economic Policy Research (Great Britain)).$pInternational trade and regional economics ;$vno. 10855.
=852  41$aBritish Library$bHMNTS$jYK.2017.a.3747
=856  40$uhttp://www.cepr.org/active/publications/discussion_papers/dp.php?dpno=10855
=985  \\$aLDLSCP record - no ISBN match on import to BLL01
=CAT  \\$aBATCH-LDLN$b00$c20151214$lBLL01$h2117
=CAT  \\$aBATCH-UPD$b00$c20151214$lBLL01$h2117
=CAT  \\$aBATCH-016$c20170111$lBLL01$h2151
=CAT  \\$a6989$b40$c20171007$lBLL01$h1412
=CAT  \\$aBATCH-MBS$c20171013$lBLL01$h2112
=CAT  \\$aBATCH-SWP$c20171013$lBLL01$h2218
=FIN  \\$aY$d20171007
=FMT  \\$a  BK
=LAS  \\$aBATCH-SWP$b00$c20171013$lBLL01$h2218

