=LDR  02538 am a2200469 i 4500
=001  017664826
=003  Uk
=005  20171212141716.0
=008  151022s2015\\\\enka\\\\\b\\\\000\0\eng\c
=015  \\$aGBB5H9273$2bnb
=016  7\$a017664826$2Uk
=020  \\$qpaperback
=035  \\$a(WlAbNL)99619229302419
=040  \\$aStEdALDL$beng$cStEdALDL$dWlAbNL$erda
=042  \\$aukscp
=100  1\$aAttar, Andrea,$eauthor.
=245  10$aOn competitive nonlinear pricing /$cAndrea Attar, Thomas Mariotti and François Salanié.
=264  \1$aLondon :$bCentre for Economic Policy Research,$cSeptember 2015.
=300  \\$a46 pages :$billustrations (black and white) ;$c21 cm
=336  \\$atext$btxt$2rdacontent
=336  \\$astill image$bsti$2rdacontent
=337  \\$aunmediated$bn$2rdamedia
=338  \\$avolume$bnc$2rdacarrier
=500  \\$a"Submitted 17 September 2015."
=504  \\$aIncludes bibliographical references (pages 41-43).
=520  \\$aMany financial markets rely on a discriminatory limit-order book to balance supply and demand. We study these markets in a static model in which uninformed market makers compete in nonlinear tariffs to trade with an informed insider, as in Glosten (1994), Biais, Martimort, and Rochet (2000), and Back and Baruch (2013). We analyze the case where tariffs are unconstrained and the case where tariffs are restricted to be convex. In both cases, we show that pure-strategy equilibrium tariffs must be linear and, moreover, that such equilibria only exist under exceptional circumstances. These results cast doubt on the stability of even well-organized financial markets.
=650  \0$aAssets (Accounting)$xPrices$xEconometric models.
=650  \0$aCompetition$xEconometric models.
=700  1\$aMariotti, Thomas,$eauthor.
=700  1\$aSalanié, Franc̦ois,$eauthor.
=710  2\$aCentre for Economic Policy Research (Great Britain),$eissuing body.
=830  \0$aDiscussion paper (Centre for Economic Policy Research (Great Britain)).$pFinancial economics ;$vno. 10850.
=852  41$aBritish Library$bHMNTS$jYK.2017.a.4762
=856  40$uhttp://www.cepr.org/active/publications/discussion_papers/dp.php?dpno=10850
=985  \\$aAwaiting NetCat DDC
=985  \\$aLDLSCP record - no ISBN match on import to BLL01
=CAT  \\$aBATCH-LDLN$b00$c20151214$lBLL01$h2117
=CAT  \\$aBATCH-UPD$b00$c20151214$lBLL01$h2118
=CAT  \\$aBATCH-016$c20170111$lBLL01$h2151
=CAT  \\$a5004$b40$c20171212$lBLL01$h1417
=FMT  \\$a  BK
=LAS  \\$a5004$b40$c20171212$lBLL01$h1417

