=LDR  03165aam a2200529 i 4500
=001  017664828
=003  Uk
=005  20171111160828.0
=008  151022s2015\\\\enk\\\\\\b\\\\000\0\eng\c
=015  \\$aGBB5H9275$2bnb
=016  7\$a017664828$2Uk
=020  \\$qpaperback
=035  \\$a(WlAbNL)99619228502419
=040  \\$aStEdALDL$beng$cStEdALDL$dWlAbNL$dUk$erda
=042  \\$aukscp
=082  04$a332.41$223
=100  1\$aFinocchiaro, Daria,$eauthor.
=245  10$aOptimal inflation with corporate taxation and financial constraints /$cDaria Finocchiaro, Giovanni Lombardo, Caterina Mendicino and Philippe Weil.
=264  \1$aLondon :$bCentre for Economic Policy Research,$cSeptember 2015.
=300  \\$a36 pages ;$c21 cm
=336  \\$atext$btxt$2rdacontent
=337  \\$aunmediated$bn$2rdamedia
=338  \\$avolume$bnc$2rdacarrier
=500  \\$a"Submitted 21 September 2015."
=504  \\$aIncludes bibliographical references (pages 23-24).
=520  \\$aThis paper revisits the equilibrium and welfare effects of long-run inflation in the presence of distortionary taxes and financial constraints. Expected inflation interacts with corporate taxation through the deductibility of i) capital expenditures at historical value and ii) interest payments on debt. Through the first channel, inflation increases firms' taxable profits and further distorts their investment decisions. Through the second, expected inflation affects the effective real interest rate negatively, relaxes firms' financial constraints and stimulates investment. We show that, in the presence of collateralized debt, the second effect dominates. Therefore, in contrast to earlier literature, we find that when the tax code creates an advantage of debt financing, a positive rate of long-run inflation is beneficial in terms of welfare as it mitigates the financial distortion and spurs capital accumulation.
=650  \0$aInflation (Finance)$xEconometric models.
=650  \0$aTaxation$xEffect of inflation on$xEconometric models.
=650  \0$aMonetary policy$xEconometric models.
=690  7\$aManagement and Business Studies$2blcoll
=700  1\$aLombardo, Giovanni,$d1967-$eauthor.
=700  1\$aMendicino, Caterina,$eauthor.
=700  1\$aWeil, Philippe,$eauthor.
=710  2\$aCentre for Economic Policy Research (Great Britain),$eissuing body.
=830  \0$aDiscussion paper (Centre for Economic Policy Research (Great Britain)).$pMacroeconomics and growth ;$vno. 10847.
=830  \0$aDiscussion paper (Centre for Economic Policy Research (Great Britain)).$pMonetary economics and fluctuations ;$vno. 10847.
=852  41$aBritish Library$bHMNTS$jYK.2017.a.4207
=856  40$uhttp://www.cepr.org/active/publications/discussion_papers/dp.php?dpno=10847
=985  \\$aLDLSCP record - no ISBN match on import to BLL01
=CAT  \\$aBATCH-LDLN$b00$c20151214$lBLL01$h2117
=CAT  \\$aBATCH-UPD$b00$c20151214$lBLL01$h2118
=CAT  \\$aBATCH-016$c20170111$lBLL01$h2151
=CAT  \\$a6989$b40$c20171111$lBLL01$h1608
=CAT  \\$aBATCH-MBS$c20171117$lBLL01$h2119
=FIN  \\$aY$d20171111
=FMT  \\$a  BK
=LAS  \\$aBATCH-MBS$b00$c20171117$lBLL01$h2119

