=LDR  02457 am a2200445 i 4500
=001  017702687
=003  Uk
=005  20171212141725.0
=008  151022s2015\\\\enka\\\\\b\\\\000\0\eng\c
=015  \\$aGBB605458$2bnb
=016  7\$a017702687$2Uk
=020  \\$qpaperback
=035  \\$a(WlAbNL)99619536902419
=040  \\$aStEdALDL$beng$cStEdALDL$dWlAbNL$erda
=042  \\$aukscp
=100  1\$aAmengual, Dante,$d1978-$eauthor.
=245  10$aIs a normal copula the right copula? /$cDante Amengual and Enrique Sentana.
=264  \1$aLondon :$bCentre for Economic Policy Research,$cSeptember 2015.
=300  \\$a60 pages, 2 unnumbered pages, 21 pages :$billustrations (black and white) ;$c21 cm
=336  \\$atext$btxt$2rdacontent
=336  \\$astill image$bsti$2rdacontent
=337  \\$aunmediated$bn$2rdamedia
=338  \\$avolume$bnc$2rdacarrier
=500  \\$a"Submitted 25 September 2015."
=504  \\$aIncludes bibliographical references (pages 28-30).
=520  \\$aWe derive computationally simple and intuitive expressions for score tests of Gaussian copulas against Generalised Hyperbolic alternatives, including symmetric and asymmetric Student t, and Hermite polynomial expansions. We decompose our tests into third and fourth moment components, and obtain one-sided Likelihood Ratio analogues, whose asymptotic distribution we provide. We conduct Monte Carlo exercises to assess the finite sample properties of asymptotic and bootstrap versions of our tests. In an empirical application to CRSP stocks, we find that short-term reversals and momentum effects are better captured by non-Gaussian copulas. We estimate their parameters by indirect inference, and devise successful trading strategies.
=650  \0$aCopulas (Mathematical statistics)
=650  \0$aEconometrics.
=700  1\$aSentana, Enrique,$eauthor.
=830  \0$aDiscussion paper (Centre for Economic Policy Research (Great Britain)).$pFinancial economics ;$vno. 10809.
=852  41$aBritish Library$bHMNTS$jYK.2017.a.4760
=856  40$uhttp://www.cepr.org/active/publications/discussion_papers/dp.php?dpno=10809
=985  \\$aP record - no ISBN match on import to BLL01
=985  \\$aAwaiting NetCat DDC
=CAT  \\$aBATCH-LDLN$b00$c20160111$lBLL01$h2114
=CAT  \\$aBATCH-UPD$b00$c20160111$lBLL01$h2114
=CAT  \\$aBATCH-016$c20170111$lBLL01$h2151
=CAT  \\$a5004$b40$c20171212$lBLL01$h1417
=FMT  \\$a  BK
=LAS  \\$a5004$b40$c20171212$lBLL01$h1417

