=LDR  03122cam a2200457 i 4500
=001  017702688
=003  Uk
=005  20171218172258.0
=008  151022s2015\\\\enka\\\\\b\\\\000\0\eng\c
=015  \\$aGBB605459$2bnb
=016  7\$a017702688$2Uk
=020  \\$qpaperback
=035  \\$a(WlAbNL)99619538402419
=040  \\$aStEdALDL$beng$cStEdALDL$dWlAbNL$erda
=042  \\$aukscp
=100  1\$aAlfaro, Laura,$eauthor.
=245  10$aInternalizing global value chains :$ba firm-level analysis /$cLaura Alfaro [and three others].
=264  \1$aLondon :$bCentre for Economic Policy Research,$cSubmitted 2015.
=300  \\$a59 pages :$billustrations (black and white) ;$c21 cm
=336  \\$atext$btxt$2rdacontent
=336  \\$astill image$bsti$2rdacontent
=337  \\$aunmediated$bn$2rdamedia
=338  \\$avolume$bnc$2rdacarrier
=500  \\$a"Submitted 09 September 2015."
=504  \\$aIncludes bibliographical references (pages 37-39).
=520  \\$aIn recent decades, technological progress in information and communication technology and falling trade barriers have led firms to retain within their boundaries and in their domestic economies only a subset of their production stages. A key decision facing firms worldwide is the extent of control to exert over the different segments of their production processes. Building on Antras and Chor (2013), we describe a property-rights model of firm boundary choices along the value chain. To assess the evidence, we construct firm-level measures of the upstreamness of integrated and non-integrated inputs by combining information on the production activities of firms operating in more than 100 countries with Input-Output tables. In line with the model's predictions, we find that whether a firm integrates upstream or downstream suppliers depends crucially on the elasticity of demand for its final product. Moreover, a firm's propensity to integrate a given stage of the value chain is shaped by the relative contractibility of the stages located upstream versus downstream from that stage. Our results suggests that contractual frictions play an important role in shaping the integration choices of firms around the world.
=650  \0$aManufacturing industries$xManagement$xEconometric models.
=650  \0$aManufacturing industries$xProduction control$xEconometric models.
=650  \0$aManufacturing industries$xGlobalization$xEconometric models.
=830  \0$aDiscussion paper (Centre for Economic Policy Research (Great Britain)).$pInternational trade and regional economics ;$vno. 10837.
=852  41$aBritish Library$bHMNTS$jYK.2017.a.4852
=856  40$uhttp://www.cepr.org/active/publications/discussion_papers/dp.php?dpno=10837
=985  \\$aAwaiting NetCat DDC
=985  \\$aLDLSCP record - no ISBN match on import to BLL01
=CAT  \\$aBATCH-LDLN$b00$c20160111$lBLL01$h2114
=CAT  \\$aBATCH-UPD$b00$c20160111$lBLL01$h2114
=CAT  \\$aBATCH-016$c20170111$lBLL01$h2151
=CAT  \\$a5004$b40$c20171218$lBLL01$h1722
=CAT  \\$aBATCH-UPD$b40$c20221110$lBLL01$h2055
=FMT  \\$a  BK
=LAS  \\$aBATCH-UPD$b40$c20221110$lBLL01$h2055

