=LDR  02788 am a2200457 i 4500
=001  017702689
=003  Uk
=005  20171212141720.0
=008  151022s2015\\\\enka\\\\\b\\\\000\0\eng\c
=015  \\$aGBB605460$2bnb
=016  7\$a017702689$2Uk
=020  \\$qpaperback
=035  \\$a(WlAbNL)99619540202419
=040  \\$aStEdALDL$beng$cStEdALDL$dWlAbNL$erda
=042  \\$aukscp
=100  1\$aHo, Katherine,$eauthor.
=245  10$aInsurer competition in health care markets /$cKate Ho and Robin S. Lee.
=264  \1$aLondon :$bCentre for Economic Policy Research,$cSeptember 2015.
=300  \\$a53 pages :$billustrations (black and white) ;$c21 cm
=336  \\$atext$btxt$2rdacontent
=336  \\$astill image$bsti$2rdacontent
=337  \\$aunmediated$bn$2rdamedia
=338  \\$avolume$bnc$2rdacarrier
=500  \\$a"Submitted September 2015."
=504  \\$aIncludes bibliographical references (pages 43-45).
=520  \\$aWe analyze the impact of insurer competition on health care markets using a model of premium setting, hospital-insurer bargaining, household demand for insurance, and individual demand for hospitals. Increased insurer competition may lead to lower premiums; it may also increase health providers' leverage to negotiate higher prices, thereby mitigating premium reductions. We use detailed California admissions, claims, and enrollment data from a large benefits manager. We estimate our model and simulate the removal of an insurer from consumers' choice sets. Although premiums rise and annual consumer surplus falls by {dollar}50-120 per capita, hospital prices and spending fall in certain markets as remaining insurers negotiate lower rates. Overall, the impact on negotiated prices is heterogeneous, with increases or decreases of up to 15% across markets. We conclude that insurer competition can increase consumer surplus but also generate a redistribution of rents across hospitals and greater medical spending in certain markets.
=650  \0$aHealth insurance$xEconomic aspects$xEconometric models.
=650  \0$aCompetition$xEconometric models.
=650  \0$aMedical economics.
=700  1\$aLee, Robin S.,$eauthor.
=830  \0$aDiscussion paper (Centre for Economic Policy Research (Great Britain)).$pIndustrial organization ;$vno. 10812.
=852  41$aBritish Library$bHMNTS$jYK.2017.a.4761
=856  40$uhttp://www.cepr.org/active/publications/discussion_papers/dp.php?dpno=10812
=985  \\$aAwaiting NetCat DDC
=985  \\$aLDLSCP record - no ISBN match on import to BLL01
=CAT  \\$aBATCH-LDLN$b00$c20160111$lBLL01$h2114
=CAT  \\$aBATCH-UPD$b00$c20160111$lBLL01$h2114
=CAT  \\$aBATCH-016$c20170111$lBLL01$h2151
=CAT  \\$a5004$b40$c20171212$lBLL01$h1417
=FMT  \\$a  BK
=LAS  \\$a5004$b40$c20171212$lBLL01$h1417

