=LDR  02375 am a2200469 i 4500
=001  017702690
=003  Uk
=005  20171218172235.0
=008  151022s2015\\\\enka\\\\\b\\\\000\0\eng\c
=015  \\$aGBB605461$2bnb
=016  7\$a017702690$2Uk
=020  \\$qpaperback
=035  \\$a(WlAbNL)99619540802419
=040  \\$aStEdALDL$beng$cStEdALDL$dWlAbNL$erda
=042  \\$aukscp
=100  1\$aNeto, Áureo Nilo de Paula,$d1975-$eauthor.
=245  10$aIdentification and estimation of preference distributions when voters are ideological /$cÁureo De Paula and Antonio Merlo.
=264  \1$aLondon :$bCentre for Economic Policy Research,$cSeptember 2015.
=300  \\$a65 pages :$billustrations (black and white) ;$c21 cm
=336  \\$atext$btxt$2rdacontent
=336  \\$astill image$bsti$2rdacontent
=337  \\$aunmediated$bn$2rdamedia
=338  \\$avolume$bnc$2rdacarrier
=500  \\$a"Submitted 03 September 2015."
=504  \\$aIncludes bibliographical references (pages 39-44).
=520  \\$aThis paper studies the nonparametric identification and estimation of voters' preferences when voters are ideological. We establish that voter preference distributions and other parameters of interest can be identified from aggregate electoral data. We also show that these objects can be consistently estimated and illustrate our analysis by performing an actual estimation using data from the 1999 European Parliament elections.
=650  \0$aVoting$xEconometric models.
=650  \0$aElections$xEconometric models.
=650  \0$aNonparametric statistics.
=700  1\$aMerlo, Antonio$c(Economist),$eauthor.
=830  \0$aDiscussion paper (Centre for Economic Policy Research (Great Britain)).$pIndustrial organization ;$vno. 10821.
=830  \0$aDiscussion paper (Centre for Economic Policy Research (Great Britain)).$pPublic economics ;$vno. 10821.
=852  41$aBritish Library$bHMNTS$jYK.2017.a.4857
=856  40$uhttp://www.cepr.org/active/publications/discussion_papers/dp.php?dpno=10821
=985  \\$aAwaiting NetCat DDC
=985  \\$aLDLSCP record - no ISBN match on import to BLL01
=CAT  \\$aBATCH-LDLN$b00$c20160111$lBLL01$h2114
=CAT  \\$aBATCH-UPD$b00$c20160111$lBLL01$h2114
=CAT  \\$aBATCH-016$c20170111$lBLL01$h2151
=CAT  \\$a5004$b40$c20171218$lBLL01$h1722
=FMT  \\$a  BK
=LAS  \\$a5004$b40$c20171218$lBLL01$h1722

