=LDR  03198aam a2200517 i 4500
=001  017702691
=003  Uk
=005  20171028114128.0
=008  151022s2015\\\\enka\\\\\b\\\\000\0\eng\c
=015  \\$aGBB605462$2bnb
=016  7\$a017702691$2Uk
=020  \\$qpaperback
=035  \\$a(WlAbNL)99619541102419
=040  \\$aStEdALDL$beng$cStEdALDL$dWlAbNL$dUk$erda
=042  \\$aukscp
=082  04$a338.911767$223
=100  1\$aMichalopoulos, Stelios,$eauthor.
=245  10$aIslam, inequality and pre-industrial comparative development /$cStelios Michalopoulos, Alireza Naghavi and Giovanni Prarolo.
=264  \1$aLondon :$bCentre for Economic Policy Research,$c2015.
=300  \\$a35 pages :$billustrations (black and white) ;$c21 cm
=336  \\$atext$btxt$2rdacontent
=336  \\$astill image$bsti$2rdacontent
=337  \\$aunmediated$bn$2rdamedia
=338  \\$avolume$bnc$2rdacarrier
=500  \\$a"Submitted 15 September 2015."
=504  \\$aIncludes bibliographical references (pages 30-35).
=520  \\$aThis study explores the interaction between trade and geography in shaping the Islamic economic doctrine. We build a model where an unequal distribution of land quality in presence of trade opportunities conferred differential gains from trade across regions, fostering predatory behavior by groups residing in the poorly endowed territories. We show that in such an environment it was mutually beneficial to institute an economic system of income redistribution featuring income transfers in return for safe passage to conduct trade. A commitment problem, however, rendered a merely static redistribution scheme unsustainable. Islam developed a set of dynamic redistributive rules that were self-enforcing, in regions where arid lands dominated the landscape. While such principles fostered the expansion of trade within the Muslim world they limited the accumulation of wealth by the commercial elite, shaping the economic trajectory of Islamic lands in the pre-industrial era.
=650  \0$aEconomic development$xReligious aspects$xIslam$xEconometric models.
=650  \0$aTrade routes$zArabian Peninsula$xReligious aspects$xEconometric models.
=650  \0$aEconomic geography.
=690  7\$aManagement and Business Studies$2blcoll
=700  1\$aNaghavi, Alireza,$eauthor.
=700  1\$aPrarolo, Giovanni,$eauthor.
=830  \0$aDiscussion paper (Centre for Economic Policy Research (Great Britain)).$pDevelopment economics, international trade and regional economics ;$vno. 10843.
=830  \0$aDiscussion paper (Centre for Economic Policy Research (Great Britain)).$pMacroeconomics and growth ;$vno. 10843.
=852  41$aBritish Library$bHMNTS$jYK.2017.a.4021
=856  40$uhttp://www.cepr.org/active/publications/discussion_papers/dp.php?dpno=10843
=985  \\$aLDLSCP record - no ISBN match on import to BLL01
=CAT  \\$aBATCH-LDLN$b00$c20160111$lBLL01$h2114
=CAT  \\$aBATCH-UPD$b00$c20160111$lBLL01$h2114
=CAT  \\$aBATCH-016$c20170111$lBLL01$h2151
=CAT  \\$a6989$b40$c20171028$lBLL01$h1141
=CAT  \\$aBATCH-MBS$c20171110$lBLL01$h2113
=FIN  \\$aY$d20171028
=FMT  \\$a  BK
=LAS  \\$aBATCH-MBS$b00$c20171110$lBLL01$h2113

