=LDR  02556aam a2200493 i 4500
=001  017702692
=003  Uk
=005  20171111154929.0
=008  151022s2015\\\\enk\\\\\\b\\\\000\0\eng\c
=015  \\$aGBB605463$2bnb
=016  7\$a017702692$2Uk
=020  \\$qpaperback
=035  \\$a(WlAbNL)99619541302419
=040  \\$aStEdALDL$beng$cStEdALDL$dWlAbNL$dUk$erda
=042  \\$aukscp
=082  04$a332.632$223
=100  1\$aKoedijk, Kees,$eauthor.
=245  10$aInvesting in systematic factor premiums /$cKees Koedijk, Alfred Slager and Philip Stork.
=264  \1$aLondon :$bCentre for Economic Policy Research,$cSeptember 2015.
=300  \\$a52 pages ;$c21 cm
=336  \\$atext$btxt$2rdacontent
=337  \\$aunmediated$bn$2rdamedia
=338  \\$avolume$bnc$2rdacarrier
=500  \\$a"Submitted 07 September 2015."
=504  \\$aIncludes bibliographical references (pages 44-48).
=520  \\$aIn this paper we investigate and evaluate factor investing in the United States and Europe for equities and bonds. We show that factor-based portfolios generally produce comparable or better portfolios than market indices. We expand the analysis to other asset classes and factors, work with other optimization methods and add a basic liability structure. The results remain robust when we add real estate and commodities to equities and bonds. Also, the results are not dependent to the removal of a specific factor. Finally, we study the results for a worldwide investor who invests beyond the US and Europe. Over the longer term and with consistently applied factor diversification, factor investing appears to be advantageous.
=650  \0$aInvestments.
=650  \0$aPortfolio management.
=650  \0$aInvestment analysis.
=690  7\$aManagement and Business Studies$2blcoll
=700  1\$aSlager, Alfred,$d1967-$eauthor.
=700  1\$aStork, Philip A.,$eauthor.
=830  \0$aDiscussion paper (Centre for Economic Policy Research (Great Britain)).$pFinancial economics ;$vno. 10824.
=852  41$aBritish Library$bHMNTS$jYK.2017.a.4204
=856  40$uhttp://www.cepr.org/active/publications/discussion_papers/dp.php?dpno=10824
=985  \\$aLDLSCP record - no ISBN match on import to BLL01
=CAT  \\$aBATCH-LDLN$b00$c20160111$lBLL01$h2114
=CAT  \\$aBATCH-UPD$b00$c20160111$lBLL01$h2114
=CAT  \\$aBATCH-016$c20170111$lBLL01$h2151
=CAT  \\$a6989$b40$c20171111$lBLL01$h1549
=CAT  \\$aBATCH-MBS$c20171117$lBLL01$h2119
=FIN  \\$aY$d20171111
=FMT  \\$a  BK
=LAS  \\$aBATCH-MBS$b00$c20171117$lBLL01$h2119

