=LDR  02244 am a2200469 i 4500
=001  017702699
=003  Uk
=005  20171219120051.0
=008  151120s2015\\\\enka\\\\\b\\\\000\0\eng\c
=015  \\$aGBB605470$2bnb
=016  7\$a017702699$2Uk
=020  \\$qpaperback
=035  \\$a(WlAbNL)99620938502419
=040  \\$aStEdALDL$beng$cStEdALDL$dWlAbNL$erda
=042  \\$aukscp
=100  1\$aLuk, Sheung Kan,$eauthor.
=245  14$aThe optimal coordination of fiscal and monetary policy in a new Keynesian framework /$cPaul Luk and David Vines.
=264  \1$aLondon :$bCentre for Economic Policy Research,$cOctober 2015.
=300  \\$a27 pages :$billustrations (black and white) ;$c21 cm
=336  \\$atext$btxt$2rdacontent
=336  \\$astill image$bsti$2rdacontent
=337  \\$aunmediated$bn$2rdamedia
=338  \\$avolume$bnc$2rdacarrier
=500  \\$a"Submitted 13 October 2015."
=504  \\$aIncludes bibliographical references (pages 21-22).
=520  \\$aThis paper studies the coordination of monetary and fiscal policy in a simple New Keynesian model. We show that, in such a setup and when the policymaker acts with commitment, it is optimal not to use fiscal policy to stabilise inflation. We illustrate this result using additively separable preferences and Greenwood-Hercowitz-Huffman (1988) preferences, and we discuss the intuition behind this result.
=650  \0$aFiscal policy.
=650  \0$aMonetary policy.
=650  \0$aInflation (Finance)
=700  1\$aVines, David,$eauthor.
=710  2\$aCentre for Economic Policy Research (Great Britain),$eissuing body.
=830  \0$aDiscussion paper (Centre for Economic Policy Research (Great Britain)).$pMonetary economics and fluctuations ;$vno. 10895.
=852  41$aBritish Library$bHMNTS$jYK.2017.a.4900
=856  40$uhttp://www.cepr.org/active/publications/discussion_papers/dp.php?dpno=10895
=985  \\$aLDLSCP record - no ISBN match on import to BLL01
=985  \\$aAwaiting NetCat DDC
=CAT  \\$aBATCH-LDLN$b00$c20160111$lBLL01$h2114
=CAT  \\$aBATCH-UPD$b00$c20160111$lBLL01$h2114
=CAT  \\$aBATCH-016$c20170125$lBLL01$h2146
=CAT  \\$a10962$b40$c20171219$lBLL01$h1200
=FMT  \\$a  BK
=LAS  \\$a10962$b40$c20171219$lBLL01$h1200

