=LDR  04045 am a2200469 i 4500
=001  017702701
=003  Uk
=005  20171219132914.0
=008  151119s2015\\\\enka\\\\\b\\\\000\0\eng\c
=015  \\$aGBB605472$2bnb
=016  7\$a017702701$2Uk
=020  \\$qpaperback
=035  \\$a(WlAbNL)99620940602419
=040  \\$aStEdALDL$beng$cStEdALDL$dWlAbNL$erda
=042  \\$aukscp
=100  1\$aAguirregabiria, Victor,$eauthor.
=245  10$aIdentification and estimation of dynamic games when players' beliefs are not in equilibrium /$cVictor Aguirregabiria and Arvind Magesan.
=264  \1$aLondon :$bCentre for Economic Policy Research,$cOctober 2015.
=300  \\$a67 pages :$billustrations (black and white) ;$c21 cm
=336  \\$atext$btxt$2rdacontent
=336  \\$astill image$bsti$2rdacontent
=337  \\$aunmediated$bn$2rdamedia
=338  \\$avolume$bnc$2rdacarrier
=500  \\$a"Submitted 30 September 2015."
=504  \\$aIncludes bibliographical references (pages 51-54).
=520  \\$aThis paper deals with the identification and estimation of dynamic games when players' beliefs about other players' actions are biased, i.e., beliefs do not represent the probability distribution of the actual behavior of other players conditional on the information available. First, we show that a exclusion restriction, typically used to identify empirical games, provides testable nonparametric restrictions of the null hypothesis of equilibrium beliefs. Second, we prove that this exclusion restriction, together with consistent estimates of beliefs at several points in the support of the special state variable (i.e., the variable involved in the exclusion restriction), is sufficient for nonparametric point-identification of players' payoff and belief functions. The consistent estimates of beliefs at some points of support may come either from an assumption of unbiased beliefs at these points in the state space, or from available data on elicited beliefs for some values of the state $avariables. Third, we propose a simple two-step estimation method and a sequential generalization of the method that improves its asymptotic and finite sample properties. We illustrate our model and methods using both Monte Carlo experiments and an empirical application of a dynamic game of store location by retail chains. The key conditions for the identification of beliefs and payoffs in our application are the following: (a) the previous year's network of stores of the competitor does not have a direct effect on the profit of a firm, but the firm's own network of stores at previous year does affect its profit because the existence of sunk entry costs and economies of density in these costs; and (b) firms' beliefs are unbiased in those markets that are close, in a geographic sense, to the opponent's network of stores, though beliefs are unrestricted, and potentially biased, for unexplored markets which are farther away from the competitors' network. Our estimates show significant evid$aence of biased beliefs. Furthermore, imposing the restriction of unbiased beliefs generates a substantial attenuation bias in the estimate of competition effects.
=650  \0$aGame theory.
=650  \0$aEquilibrium (Economics)
=650  \0$aCompetition$xEconometric models.
=700  1\$aMagesan, Arvind,$eauthor.
=710  2\$aCentre for Economic Policy Research (Great Britain),$eissuing body.
=830  \0$aDiscussion paper (Centre for Economic Policy Research (Great Britain)).$pIndustrial organization ;$vno. 10872.
=852  41$aBritish Library$bHMNTS$jYK.2017.a.4913
=856  40$uhttp://www.cepr.org/active/publications/discussion_papers/dp.php?dpno=10872
=985  \\$aLDLSCP record - no ISBN match on import to BLL01
=985  \\$aAwaiting NetCat DDC
=CAT  \\$aBATCH-LDLN$b00$c20160111$lBLL01$h2114
=CAT  \\$aBATCH-UPD$b00$c20160111$lBLL01$h2114
=CAT  \\$aBATCH-016$c20170125$lBLL01$h2146
=CAT  \\$a10962$b40$c20171219$lBLL01$h1329
=FMT  \\$a  BK
=LAS  \\$a10962$b40$c20171219$lBLL01$h1329

