=LDR  02595 am a2200445 i 4500
=001  017702702
=003  Uk
=005  20171219115420.0
=008  151119s2015\\\\enk\\\\\\b\\\\000\0\eng\c
=015  \\$aGBB605473$2bnb
=016  7\$a017702702$2Uk
=020  \\$qpaperback
=035  \\$a(WlAbNL)99620940702419
=040  \\$aStEdALDL$beng$cStEdALDL$dUkOxU$dWlAbNL$erda
=042  \\$aukscp
=100  10$aJehiel, Philippe,$eauthor.
=245  10$aInvestment strategy and selection bias :$ban equilibrium perspective on overconfidence /$cPhilippe Jehiel.
=264  \1$aLondon :$bCentre for Economic Policy Research,$cOctober 2015.
=300  \\$a33 pages ;$c21 cm
=336  \\$atext$btxt$2rdacontent
=337  \\$aunmediated$bn$2rdamedia
=338  \\$avolume$bnc$2rdacarrier
=500  \\$a"Submitted 02 October 2015."
=504  \\$aIncludes bibliographical references (pages 31-33).
=520  \\$aProspective investors of new projects consider the returns of implemented projects with similar (observed) attributes and invest if the empirical mean return exceeds the cost. The steady states of such economies result in suboptimal investment decisions due to the selection bias in the sampling procedure. Assuming higher attributes are associated with higher returns, there is systematic overinvestment as compared with the Bayesian benchmark, thereby illustrating that selection bias may explain entrepreneurial overconfidence. Various extensions are considered to illustrate the negative externality that rational investors exert on other investors, the effect of correlation between the attributes considered by various investors, and how trading may be affected by the sampling procedure.
=650  \0$aInvestments.
=650  \0$aPortfolio management.
=710  2\$aCentre for Economic Policy Research (Great Britain),$eissuing body.
=830  \0$aDiscussion paper (Centre for Economic Policy Research (Great Britain)).$pFinancial economics ;$vno. 10868.
=830  \0$aDiscussion paper (Centre for Economic Policy Research (Great Britain)).$pIndustrial organization ;$vno. 10868.
=852  41$aBritish Library$bHMNTS$jYK.2017.a.4895
=856  40$uhttp://www.cepr.org/active/publications/discussion_papers/dp.php?dpno=10868
=985  \\$aLDLSCP record - no ISBN match on import to BLL01
=985  \\$aAwaiting NetCat DDC
=CAT  \\$aBATCH-LDLN$b00$c20160111$lBLL01$h2114
=CAT  \\$aBATCH-UPD$b00$c20160111$lBLL01$h2114
=CAT  \\$aBATCH-016$c20170125$lBLL01$h2146
=CAT  \\$a10962$b40$c20171219$lBLL01$h1154
=FMT  \\$a  BK
=LAS  \\$a10962$b40$c20171219$lBLL01$h1154

