=LDR  02557 am a2200457 i 4500
=001  017702703
=003  Uk
=005  20171219133732.0
=008  151119s2015\\\\enka\\\\\b\\\\000\0\eng\c
=015  \\$aGBB605474$2bnb
=016  7\$a017702703$2Uk
=020  \\$qpaperback
=035  \\$a(WlAbNL)99620941002419
=040  \\$aStEdALDL$beng$cStEdALDL$dWlAbNL$erda
=042  \\$aukscp
=100  1\$aWaldenström, Daniel,$d1974-$eauthor.
=245  14$aThe national wealth of Sweden, 1810-2014 /$cDaniel Waldenström.
=264  \1$aLondon :$bCentre for Economic Policy Research,$cOctober 2015.
=300  \\$a36 pages :$billustrations (black and white) ;$c21 cm
=336  \\$atext$btxt$2rdacontent
=336  \\$astill image$bsti$2rdacontent
=337  \\$aunmediated$bn$2rdamedia
=338  \\$avolume$bnc$2rdacarrier
=500  \\$a"Submitted 07 October 2015."
=504  \\$aIncludes bibliographical references (pages 19-21).
=520  \\$aThis study presents a new database, the Swedish National Wealth Database (SNWD), which contains annual data on private, public and national wealth and sectoral saving rates in Sweden over the past two centuries. The paper reviews previous investigations of national wealth, compares their estimates with the new ones and discusses method approaches and measurement problems. Then the main data series are presented for assets and liabilities and their subcomponents, for the private and public domestic and foreign sectors. Complementing the traditional focus on economic flow variables in the past literature on long-run economic developments, this new database offers potentially new perspectives of a number of important issues in the modern economic history of Sweden.
=650  \0$aWealth$zSweden$xHistory.
=650  \0$aEconomic development$zSweden$xHistory.
=651  \0$aSweden$xEconomic policy.
=710  2\$aCentre for Economic Policy Research (Great Britain),$eissuing body.
=830  \0$aDiscussion paper (Centre for Economic Policy Research (Great Britain)).$pEconomic history ;$vno. 10882.
=852  41$aBritish Library$bHMNTS$jYK.2017.a.4921
=856  40$uhttp://www.cepr.org/active/publications/discussion_papers/dp.php?dpno=10882
=985  \\$aLDLSCP record - no ISBN match on import to BLL01
=985  \\$aAwaiting NetCat DDC
=CAT  \\$aBATCH-LDLN$b00$c20160111$lBLL01$h2114
=CAT  \\$aBATCH-UPD$b00$c20160111$lBLL01$h2114
=CAT  \\$aBATCH-016$c20170125$lBLL01$h2146
=CAT  \\$a10962$b40$c20171219$lBLL01$h1337
=FMT  \\$a  BK
=LAS  \\$a10962$b40$c20171219$lBLL01$h1337

