=LDR  02854 am a2200469 i 4500
=001  017702704
=003  Uk
=005  20171219115309.0
=008  151119s2015\\\\enka\\\\\b\\\\000\0\eng\c
=015  \\$aGBB605475$2bnb
=016  7\$a017702704$2Uk
=020  \\$qpaperback
=035  \\$a(WlAbNL)99620941802419
=040  \\$aStEdALDL$beng$cStEdALDL$dWlAbNL$erda
=042  \\$aukscp
=100  1\$aPloeg, Frederick van der,$d1956-$eauthor.
=245  10$aNon-cooperative and cooperative responses to climate catastrophes in the global economy :$ba north-south perspective /$cFrederick van der Ploeg and Aart J de Zeeuw.
=264  \1$aLondon :$bCentre for Economic Policy Research,$cOctober 2015.
=300  \\$a26 pages :$billustrations (black and white) ;$c21 cm
=336  \\$atext$btxt$2rdacontent
=336  \\$astill image$bsti$2rdacontent
=337  \\$aunmediated$bn$2rdamedia
=338  \\$avolume$bnc$2rdacarrier
=500  \\$a"Submitted 05 October 2015." Macroeconomics and growth.
=504  \\$aIncludes bibliographical references (pages 22-24).
=520  \\$aThe optimal response to a potential productivity shock which becomes more imminent with global warming is to have carbon taxes to curb the risk of a calamity and to accumulate precautionary capital to facilitate smoothing of consumption. This paper investigates how differences between regions in terms of their vulnerability to climate change and their stage of development affect the cooperative and non-cooperative responses to this aspect of climate change. It is shown that the cooperative response to these stochastic tipping points requires converging carbon taxes for developing and developed regions. The non-cooperative response leads to a bit more precautionary saving and diverging carbon taxes. We illustrate the various outcomes with a simple stylized North-South model of the global economy.
=650  \0$aClimatic changes$xEconomic aspects$xEconometric models.
=650  \0$aGreenhouse gas mitigation$xEconomic aspects$xEconometric models.
=650  \0$aIndustrial productivity$xEconometric models.
=700  1\$aZeeuw, Aart de,$d1952-$eauthor.
=710  2\$aCentre for Economic Policy Research (Great Britain),$eissuing body.
=830  \0$aDiscussion paper (Centre for Economic Policy Research (Great Britain)).$pMacroeconomics and growth ;$vno. 10870.
=852  41$aBritish Library$bHMNTS$jYK.2017.a.4894
=856  40$uhttp://www.cepr.org/active/publications/discussion_papers/dp.php?dpno=10870
=985  \\$aLDLSCP record - no ISBN match on import to BLL01
=985  \\$aAwaiting NetCat DDC
=CAT  \\$aBATCH-LDLN$b00$c20160111$lBLL01$h2114
=CAT  \\$aBATCH-UPD$b00$c20160111$lBLL01$h2114
=CAT  \\$aBATCH-016$c20170125$lBLL01$h2146
=CAT  \\$a10962$b40$c20171219$lBLL01$h1153
=FMT  \\$a  BK
=LAS  \\$a10962$b40$c20171219$lBLL01$h1153

