=LDR  02801 am a2200457 i 4500
=001  017716467
=003  Uk
=005  20180125144121.0
=008  151222s2015\\\\enka\\\\\b\\\\000\0\eng\c
=015  \\$aGBB612190$2bnb
=016  7\$a017716467$2Uk
=020  \\$qpaperback
=035  \\$a(WlAbNL)99627921402419
=040  \\$aStEdALDL$beng$cStEdALDL$dWlAbNL$erda
=042  \\$aukscp
=100  1\$aCecchetti, Stephen G.$q(Stephen Giovanni),$eauthor.
=245  10$aOn the separation of monetary and prudential policy :$bhow much of the pre-crisis consensus remains? /$cStephen G Cecchetti.
=264  \1$aLondon :$bCentre for Economic Policy Research,$cNovember 2015.
=300  \\$a15 pages :$billustrations (black and white) ;$c21 cm
=336  \\$atext$btxt$2rdacontent
=336  \\$astill image$bsti$2rdacontent
=337  \\$aunmediated$bn$2rdamedia
=338  \\$avolume$bnc$2rdacarrier
=500  \\$a"Submitted 13 November 2015."
=504  \\$aIncludes bibliographical references (pages 13-15).
=520  \\$aPrior to the crisis, monetary policymakers and prudential authorities had clearly defined tools and goals with little or no conflict. The crisis revealed a variety of overlaps, where one set of policies seem to influence those in another. Does this mean that two policy realms can no longer remain separate? I address the question by first asking whether monetary policy creates significant financial stability risks. My answer is generally no. Given that, central bankers should refrain from reacting to financial stability risks in most circumstances. Instead, the job of safeguarding the financial system should be left, as it was prior to the crisis, to prudential policymakers. But how can prudential policy best maintain financial stability? I argue that, given our current state of knowledge, stress tests are the best tool to ensure crisis will be rare and not terribly severe. So, my answer to the question in the title is that the pre-crisis consensus remains largely intact.
=650  \0$aMonetary policy.
=650  \0$aEconomic stabilization.
=650  \0$aBanks and banking, Central.
=710  2\$aCentre for Economic Policy Research (Great Britain),$eissuing body.
=830  \0$aDiscussion paper (Centre for Economic Policy Research (Great Britain)) ;$vno. 10949.
=852  41$aBritish Library$bHMNTS$jYK.2018.a.421
=856  40$uhttp://www.cepr.org/active/publications/discussion_papers/dp.php?dpno=10949
=985  \\$aAwaiting NetCat DDC
=985  \\$aLDLSCP record - no ISBN match on import to BLL01
=CAT  \\$aBATCH-LDLN$b00$c20160125$lBLL01$h2049
=CAT  \\$aBATCH-UPD$b00$c20160125$lBLL01$h2050
=CAT  \\$aWR16_021$c20160720$lBLL01$h1708
=CAT  \\$a5004$b40$c20180125$lBLL01$h1441
=FMT  \\$a  BK
=LAS  \\$a5004$b40$c20180125$lBLL01$h1441

