=LDR  04018 am a2200481 i 4500
=001  017716469
=003  Uk
=005  20180125155519.0
=008  151222s2015\\\\enka\\\\\b\\\\000\0\eng\c
=015  \\$aGBB612192$2bnb
=016  7\$a017716469$2Uk
=020  \\$qpaperback
=035  \\$a(WlAbNL)99627926502419
=040  \\$aStEdALDL$beng$cStEdALDL$dWlAbNL$erda
=042  \\$aukscp
=100  1\$aHandel, Benjamin R.,$eauthor.
=245  10$aInformation frictions and adverse selection :$bpolicy interventions in health insurance markets /$cBenjamin R. Handel, Jonathan T. Kolstad and Johannes Spinnewijn.
=264  \1$aLondon :$bCentre for Economic Policy Research,$cNovember 2015.
=300  \\$a78 pages :$billustrations (black and white) ;$c21 cm
=336  \\$atext$btxt$2rdacontent
=336  \\$astill image$bsti$2rdacontent
=337  \\$aunmediated$bn$2rdamedia
=338  \\$avolume$bnc$2rdacarrier
=500  \\$a"Submitted 20 November 2015."
=504  \\$aIncludes bibliographical references (pages 54-56).
=520  \\$aA large literature has analyzed pricing inefficiencies in health insurance markets due to adverse selection, typically assuming informed, active consumers on the demand side of the market. However, recent evidence suggests that many consumers have information frictions that lead to suboptimal health plan choices. As a result, policies such as information provision, plan recommendations, and smart defaults to improve consumer choices are being implemented in many applied contexts. In this paper we develop a general framework to study insurance market equilibrium and evaluate policy interventions in the presence of choice frictions. Friction-reducing policies can increase welfare by facilitating better matches between consumers and plans, but can decrease welfare by increasing the correlation between willingness-to-pay and costs, exacerbating adverse selection. We identify relationships between the underlying distributions of consumer (i) costs (ii) surplus from risk protection and (iii) choice frictions that determine whether friction-reducing policies will be on net welfare increasing or reducing. We extend the analysis to study how policies to improve consumer choices interact with the supply-side policy of risk-adjustment transfers and show that the effectiveness of the latter policy can have important implications for the effectiveness of the former. We implement the model empirically using proprietary data on insurance choices, utilization, and consumer information from a large firm. We leverage structural estimates from prior work with these data and highlight how the model's micro-foundations can be estimated in practice. In our specific setting, we find that friction-reducing policies exacerbate adverse selection, essentially leading to the market fully unraveling, and reduce welfare. Risk-adjustment transfers are complementary, substantially mitigating the negative impact of friction-reducing policies, but having little effect in their absence.
=650  \0$aConsumers' preferences$zUnited States$xEconometric models.
=650  \0$aHealth insurance$zUnited States$xEconometric models.
=650  \0$aHealth insurance policies$zUnited States$xEconometric models.
=700  1\$aKolstad, Jonathan T.,$eauthor.
=700  1\$aSpinnewijn, Johannes,$eauthor.
=710  2\$aCentre for Economic Policy Research (Great Britain),$eissuing body.
=830  \0$aDiscussion paper (Centre for Economic Policy Research (Great Britain)) ;$vno. 10953.
=852  41$aBritish Library$bHMNTS$jYK.2018.a.426
=856  40$uhttp://www.cepr.org/active/publications/discussion_papers/dp.php?dpno=10953
=985  \\$aAwaiting NetCat DDC
=985  \\$aLDLSCP record - no ISBN match on import to BLL01
=CAT  \\$aBATCH-LDLN$b00$c20160125$lBLL01$h2049
=CAT  \\$aBATCH-UPD$b00$c20160125$lBLL01$h2050
=CAT  \\$aWR16_021$c20160720$lBLL01$h1708
=CAT  \\$a5004$b40$c20180125$lBLL01$h1555
=FMT  \\$a  BK
=LAS  \\$a5004$b40$c20180125$lBLL01$h1555

