=LDR  02799 am a2200469 i 4500
=001  017716472
=003  Uk
=005  20180125155439.0
=008  151221s2015\\\\enka\\\\\b\\\\000\0\eng\c
=015  \\$aGBB612195$2bnb
=016  7\$a017716472$2Uk
=020  \\$qpaperback
=035  \\$a(WlAbNL)99627940302419
=040  \\$aStEdALDL$beng$cStEdALDL$dWlAbNL$erda
=042  \\$aukscp
=100  1\$aBorensztein, Eduardo,$cauthor.
=245  14$aThe welfare gains from macro-insurance against natural disasters /$cEduardo Borensztein, Eduardo Cavallo and Olivier Jeanne.
=264  \1$aLondon :$bCentre for Economic Policy Research,$cNovember 2015.
=300  \\$a40 pages :$billustrations (black and white) ;$c22 cm
=336  \\$atext$btxt$2rdacontent
=336  \\$astill image$bsti$2rdacontent
=337  \\$aunmediated$bn$2rdamedia
=338  \\$avolume$bnc$2rdacarrier
=500  \\$a"Submitted 19 October 2015."
=504  \\$aIncludes bibliographical references (pages 38-40).
=520  \\$aThis paper uses a dynamic optimization model to estimate the welfare gains that a small open economy can derive from insuring against natural disasters with catastrophe (CAT) bonds. We calibrate the model by reference to the risk of earthquakes, floods and storms in developing countries. We find that the countries most vulnerable to these risks would find it optimal to use CAT bonds for insurance only if the cost of issuing these bonds were significantly smaller than it is in the data. The welfare gains from CAT bonds range from small to substantial depending on how insurance affects the country's external borrowing constraint. The option of using CAT bonds may bring a welfare gain of several percentage points of annual consumption by improving external debt sustainability. These large gains disappear if the country can opportunistically default on its external debt.
=650  \0$aCatastrophe bonds$zDeveloping countries$xEconometric models.
=650  \0$aDisaster insurance$zDeveloping countries$xEconometric models.
=700  1\$aCavallo, Eduardo A.,$eauthor.
=700  1\$aJeanne, Olivier,$eauthor.
=710  2\$aCentre for Economic Policy Research (Great Britain),$eissuing body.
=830  \0$aDiscussion paper (Centre for Economic Policy Research (Great Britain)) ;$vno. 10915.
=852  41$aBritish Library$bHMNTS$jYK.2018.a.434
=856  40$uhttp://www.cepr.org/active/publications/discussion_papers/dp.php?dpno=10915
=985  \\$aAwaiting NetCat DDC
=985  \\$aLDLSCP record - no ISBN match on import to BLL01
=CAT  \\$aBATCH-LDLN$b00$c20160125$lBLL01$h2049
=CAT  \\$aBATCH-UPD$b00$c20160125$lBLL01$h2050
=CAT  \\$aWR16_021$c20160720$lBLL01$h1708
=CAT  \\$a5004$b40$c20180125$lBLL01$h1554
=FMT  \\$a  BK
=LAS  \\$a5004$b40$c20180125$lBLL01$h1554

