=LDR  02626 am a2200469 i 4500
=001  017721370
=003  Uk
=005  20180106114401.0
=008  151221s2015\\\\enk\\\\\\b\\\\000\0\eng\c
=015  \\$aGBB614533$2bnb
=016  7\$a017721370$2Uk
=020  \\$qpaperback
=035  \\$a(WlAbNL)99627914302419
=040  \\$aStEdALDL$beng$cStEdALDL$dWlAbNL$erda
=042  \\$aukscp
=100  1\$aHanousek, Jan,$eauthor.
=245  10$aIs bread gained by deceit sweet to a man? :$bcorruption and firm efficiency /$cJan Hanousek, Anastasiya Shamshur and Jiri Tresl.
=264  \1$aLondon :$bCentre for Economic Policy Research,$cNovember 2015.
=300  \\$a31 pages ;$c21 cm
=336  \\$atext$btxt$2rdacontent
=337  \\$aunmediated$bn$2rdamedia
=338  \\$avolume$bnc$2rdacarrier
=500  \\$a"Submitted 18 November 2015."
=504  \\$aIncludes bibliographical references (pages 22-26).
=520  \\$aWe study the effects of corruption on firm efficiency using a unique comprehensive dataset of private firms from 14 Central and Eastern European countries for the period from 2000 to 2013. We find that an environment characterized by a high level of corruption has an adverse effect on firm efficiency. This effect is amplified for firms with a lower propensity to behave corruptly, i.e. foreign-controlled firms and firms managed by female CEOs, while domestically-owned firms and firms with male CEOs are not penalized. At the same time, an environment characterized by considerable heterogeneity in perception of corruption is associated with an increase in firm efficiency. This effect is particularly strong for foreign firms from low-corruption countries, while no effect is observed for firms managed by female CEO.
=650  \0$aCorruption$xEconomic aspects.
=650  \0$aIndustrial efficiency.
=650  \0$aEconomic development.
=700  1\$aShamshur, Anastasiya,$eauthor.
=700  1\$aTresl, Jiri,$eauthor.
=710  2\$aCentre for Economic Policy Research (Great Britain),$eissuing body.
=830  \0$aDiscussion paper (Centre for Economic Policy Research (Great Britain)) ;$vno. 10951.
=852  41$aBritish Library$bHMNTS$jYK.2018.a.101
=856  40$uhttp://www.cepr.org/active/publications/discussion_papers/dp.php?dpno=10951
=985  \\$aAwaiting NetCat DDC
=985  \\$aLDLSCP record - no ISBN match on import to BLL01
=CAT  \\$aBATCH-LDLN$b00$c20160201$lBLL01$h2115
=CAT  \\$aBATCH-UPD$b00$c20160201$lBLL01$h2115
=CAT  \\$aBATCH-016$c20170222$lBLL01$h2145
=CAT  \\$a8317$b40$c20180106$lBLL01$h1144
=FMT  \\$a  BK
=LAS  \\$a8317$b40$c20180106$lBLL01$h1144

