=LDR  02372 am a2200469 i 4500
=001  017721371
=003  Uk
=005  20180106114121.0
=008  151222s2015\\\\enka\\\\\b\\\\000\0\eng\c
=015  \\$aGBB614534$2bnb
=016  7\$a017721371$2Uk
=020  \\$qpaperback
=035  \\$a(WlAbNL)99627915502419
=040  \\$aStEdALDL$beng$cStEdALDL$dWlAbNL$erda
=042  \\$aukscp
=100  1\$aHomar, Timotej,$eauthor.
=245  10$aOn zombie banks and recessions after systemic banking crises /$cTimotej Homar and Sweder van Wijnbergen.
=264  \1$aLondon :$bCentre for Economic Policy Research,$cNovember 2015.
=300  \\$a46, 14 pages :$billustrations (black and white) ;$c21 cm
=336  \\$atext$btxt$2rdacontent
=336  \\$astill image$bsti$2rdacontent
=337  \\$aunmediated$bn$2rdamedia
=338  \\$avolume$bnc$2rdacarrier
=500  \\$a"Submitted 17 November 2015."
=504  \\$aIncludes bibliographical references (pages 44-46).
=520  \\$aWhat costs do zombie banks impose on society? We analyze the effects of government and central bank interventions in 68 systemic banking crises since 1980, of which 28 are part of the recent global financial crisis. Our estimation approach controls for the correlation between intervention measures and the time-invariant component of unobservable crisis severity. We find that timely bank recapitalizations substantially reduce the duration of recessions, underscoring the distortions caused by zombie banks and the costs of regulatory forbearance.
=650  \0$aBank management.
=650  \0$aFinancial crises.
=650  \0$aBanks and banking, Central.
=700  1\$aWijnbergen, Sweder van,$d1951-$eauthor.
=710  2\$aCentre for Economic Policy Research (Great Britain),$eissuing body.
=830  \0$aDiscussion paper (Centre for Economic Policy Research (Great Britain)) ;$vno. 10963.
=852  41$aBritish Library$bHMNTS$jYK.2018.a.99
=856  40$uhttp://www.cepr.org/active/publications/discussion_papers/dp.php?dpno=10963
=985  \\$aAwaiting NetCat DDC
=985  \\$aLDLSCP record - no ISBN match on import to BLL01
=CAT  \\$aBATCH-LDLN$b00$c20160201$lBLL01$h2115
=CAT  \\$aBATCH-UPD$b00$c20160201$lBLL01$h2115
=CAT  \\$aBATCH-016$c20170222$lBLL01$h2145
=CAT  \\$a8317$b40$c20180106$lBLL01$h1141
=FMT  \\$a  BK
=LAS  \\$a8317$b40$c20180106$lBLL01$h1141

