=LDR  03072 am a2200445 i 4500
=001  017721372
=003  Uk
=005  20180125155508.0
=008  151222s2015\\\\enka\\\\\b\\\\000\0\eng\c
=015  \\$aGBB614535$2bnb
=016  7\$a017721372$2Uk
=020  \\$qpaperback
=035  \\$a(WlAbNL)99627917002419
=040  \\$aStEdALDL$beng$cStEdALDL$dWlAbNL$erda
=042  \\$aukscp
=100  1\$aBattaglini, Marco,$eauthor.
=245  10$aOptimal dynamic contracting :$bthe first-order approach and be/$cMarco Battaglini and Rohit Lamba.
=264  \1$aLondon :$bCentre for Economic Policy Research,$cNovember 2015.
=300  \\$a50 pages, 1 unnumbered page :$billustrations (black and white) ;$c21 cm
=336  \\$atext$btxt$2rdacontent
=336  \\$astill image$bsti$2rdacontent
=337  \\$aunmediated$bn$2rdamedia
=338  \\$avolume$bnc$2rdacarrier
=500  \\$a"Submitted 19 November 2015."
=504  \\$aIncludes bibliographical references (pages 34-36).
=520  \\$aWe study a dynamic principal-agent model in which the agent's types are serially correlated. In these models, the standard approach consists of first solving a relaxed version in which only local incentive compatibility constraints are considered, and then in proving that the local constraints are sufficient for implementability. We explore the conditions under which this approach is valid and can be used to characterize the profit maximizing contract. We show that the approach works when the optimal allocation in the relaxed problem is monotonic in the types, a condition that is satisfied in most solved examples. Contrary to the static model, however, monotonicity is generally violated in many interesting economic environments. Moreover, when the time horizon is long enough and serial correlation is sufficiently high, global incentive compatibility constraints are generically binding. By fully characterizing a simple two period example, we uncover a number of interesting features of the optimal contract that cannot be observed in spatial environments in which the standard approach works. Finally, we show that even in complex environments, approximately optimal allocations can be easily characterized by focusing on a particular class of contracts in which the allocation is forced to be monotonic.
=650  \0$aContracts$xEconometric models.
=700  1\$aLamba, Rohit,$eauthor.
=710  2\$aCentre for Economic Policy Research (Great Britain),$eissuing body.
=830  \0$aDiscussion paper (Centre for Economic Policy Research (Great Britain)) ;$vno. 10956.
=852  41$aBritish Library$bHMNTS$jYK.2018.a.428
=856  40$uhttp://www.cepr.org/active/publications/discussion_papers/dp.php?dpno=10956
=985  \\$aAwaiting NetCat DDC
=985  \\$aLDLSCP record - no ISBN match on import to BLL01
=CAT  \\$aBATCH-LDLN$b00$c20160201$lBLL01$h2115
=CAT  \\$aBATCH-UPD$b00$c20160201$lBLL01$h2115
=CAT  \\$aBATCH-016$c20170222$lBLL01$h2145
=CAT  \\$a5004$b40$c20180125$lBLL01$h1555
=FMT  \\$a  BK
=LAS  \\$a5004$b40$c20180125$lBLL01$h1555

