=LDR  02493 am a2200481 i 4500
=001  017721374
=003  Uk
=005  20180125155458.0
=008  151221s2015\\\\enk\\\\\\b\\\\000\0\eng\c
=015  \\$aGBB614537$2bnb
=016  7\$a017721374$2Uk
=020  \\$qpaperback
=035  \\$a(WlAbNL)99627930402419
=040  \\$aStEdALDL$beng$cStEdALDL$dWlAbNL$erda
=042  \\$aukscp
=100  1\$aAlbuquerque, Rui,$eauthor.
=245  10$aInstitutional investors and corporate political activism /$cRui Albuquerque, Zicheng Lei, Jörg Rocholl and Chendi Zhang.
=264  \1$aLondon :$bCentre for Economic Policy Research,$cNovember 2015.
=300  \\$a50 pages ;$c21 cm
=336  \\$atext$btxt$2rdacontent
=337  \\$aunmediated$bn$2rdamedia
=338  \\$avolume$bnc$2rdacarrier
=500  \\$a"Submitted 22 October 2015."
=504  \\$aIncludes bibliographical references (pages 37-40).
=520  \\$aThe landmark decision by the U.S. Supreme Court on Citizens United v. Federal Election Commission asserts for the first time that corporations benefit from First Amendment protection regarding freedom of speech in the form of independent political expenditures, thus creating a new avenue for political activism. This paper studies how corporations adjusted their political activism in response to this ruling. The paper presents evidence consistent with the hypothesis that institutional investors have a preference for not using the new avenue for political activism, a preference not shared by other investors.
=650  \0$aCorporate speech$zUnited States.
=650  \0$aCorporations$xPolitical activity$zUnited States.
=650  \0$aCorporate governance$zUnited States.
=700  1\$aLei, Zicheng,$eauthor.
=700  1\$aRocholl, Jörg,$eauthor.
=700  1\$aZhang, Chendi,$eauthor.
=710  2\$aCentre for Economic Policy Research (Great Britain),$eissuing body.
=830  \0$aDiscussion paper (Centre for Economic Policy Research (Great Britain)) ;$vno. 10916.
=852  41$aBritish Library$bHMNTS$jYK.2018.a.430
=856  40$uhttp://www.cepr.org/active/publications/discussion_papers/dp.php?dpno=10916
=985  \\$aAwaiting NetCat DDC
=985  \\$aLDLSCP record - no ISBN match on import to BLL01
=CAT  \\$aBATCH-LDLN$b00$c20160201$lBLL01$h2115
=CAT  \\$aBATCH-UPD$b00$c20160201$lBLL01$h2115
=CAT  \\$aBATCH-016$c20170222$lBLL01$h2145
=CAT  \\$a5004$b40$c20180125$lBLL01$h1554
=FMT  \\$a  BK
=LAS  \\$a5004$b40$c20180125$lBLL01$h1554

