=LDR  02513 am a2200457 i 4500
=001  017721375
=003  Uk
=005  20180106114725.0
=008  151222s2015\\\\enka\\\\\b\\\\000\0\eng\c
=015  \\$aGBB614538$2bnb
=016  7\$a017721375$2Uk
=020  \\$qpaperback
=035  \\$a(WlAbNL)99627939702419
=040  \\$aStEdALDL$beng$cStEdALDL$dWlAbNL$erda
=042  \\$aukscp
=100  1\$aMiranda-Agrippino, Silvia,$eauthor.
=245  10$aWorld asset markets and the global financial cycle /$cSilvia Miranda-Agrippino, Hélène Rey.
=264  \1$aLondon :$bCentre for Economic Policy Research,$cNovember 2015.
=300  \\$a68 pages :$billustrations (black and white) ;$c21 cm
=336  \\$atext$btxt$2rdacontent
=336  \\$astill image$bsti$2rdacontent
=337  \\$aunmediated$bn$2rdamedia
=338  \\$avolume$bnc$2rdacarrier
=500  \\$a"Submitted 06 November 2015."
=504  \\$aIncludes bibliographical references (pages 40-46).
=520  \\$aWe find that one global factor explains an important part of the variance of a large cross section of returns of risky assets around the world. Using a model with heterogeneous investors, we interpret the global factor as reflecting aggregate realised variance and the time-varying degree of market-wide risk aversion. A medium-scale Bayesian VAR allows us to analyse the workings of the "Global Financial Cycle", i.e. the interaction between US monetary policy, real activity and global financial variables such as credit spreads, cross-border credit flows, bank leverage and the global factor in asset prices. We find evidence of large monetary policy spillovers from the US to the rest of the world.
=650  \0$aInternational finance$xEconometric models.
=650  \0$aCapital movements$xEconometric models.
=700  1\$aRey, Hélène,$eauthor.
=710  2\$aCentre for Economic Policy Research (Great Britain),$eissuing body.
=830  \0$aDiscussion paper (Centre for Economic Policy Research (Great Britain)) ;$vno. 10936.
=852  41$aBritish Library$bHMNTS$jYK.2018.a.103
=856  40$uhttp://www.cepr.org/active/publications/discussion_papers/dp.php?dpno=10936
=985  \\$aAwaiting NetCat DDC
=985  \\$aLDLSCP record - no ISBN match on import to BLL01
=CAT  \\$aBATCH-LDLN$b00$c20160201$lBLL01$h2115
=CAT  \\$aBATCH-UPD$b00$c20160201$lBLL01$h2115
=CAT  \\$aBATCH-016$c20170222$lBLL01$h2145
=CAT  \\$a8317$b40$c20180106$lBLL01$h1147
=FMT  \\$a  BK
=LAS  \\$a8317$b40$c20180106$lBLL01$h1147

