=LDR  02571 am a2200493 i 4500
=001  017743630
=003  Uk
=005  20180209105817.0
=008  160125s2015\\\\enka\\\\\\\b\\000\0\eng\c
=015  \\$aGBB623313$2bnb
=016  7\$a017743630$2Uk
=020  \\$qpaperback
=035  \\$a(WlAbNL)99632065902419
=040  \\$aStEdALDL$beng$cStEdALDL$dWlAbNL$erda
=042  \\$aukscp
=100  1\$aGong, Di,$eauthor.
=245  10$aNonconsolidated subsidiaries, bank capitalization and risk taking /$cDi Gong, Harry Huizinga and Luc Laeven.
=264  \1$aLondon :$bCentre for Economic Policy Research,$cDecember 2015.
=300  \\$a57 pages :$billustrations (black and white) ;$c21 cm
=336  \\$atext$btxt$2rdacontent
=336  \\$astill image$bsti$2rdacontent
=337  \\$aunmediated$bn$2rdamedia
=338  \\$avolume$bnc$2rdacarrier
=500  \\$a"Submitted 09 December 2015."
=504  \\$aIncludes bibliographical references (pages 32-33).
=520  \\$aBank holding companies may be effectively undercapitalized as a result of incomplete consolidation of minority ownership. Using two approaches -- consolidating the minority-owned subsidiaries into the parent or deducting equity investments in minority ownership from the parent's capital -- we find that the effective capital ratios of US bank holding companies are substantially lower than the reported ratios. Empirical evidence suggests that the undercapitalization is associated with higher risk taking at the bank holding company level. These findings indicate that incomplete consolidation of minority-owned financial institutions constitutes a loophole in capital regulation.
=650  \0$aBank holding companies.
=650  \0$aSubsidiary corporations.
=650  \0$aBank capital.
=650  \0$aRisk.
=700  1\$aHuizinga, Harry,$eauthor.
=700  1\$aLaeven, Luc,$eauthor.
=710  2\$aCentre for Economic Policy Research (Great Britain),$eissuing body.
=830  \0$aDiscussion paper (Centre for Economic Policy Research (Great Britain)) ;$vno. 10992.
=852  41$aBritish Library$bHMNTS$jYK.2018.a.713
=856  40$uhttp://www.cepr.org/active/publications/discussion_papers/dp.php?dpno=10992
=985  \\$aAwaiting NETCAT record - item sent to shelf
=985  \\$aLDLSCP record - no ISBN match on import to BLL01
=CAT  \\$aBATCH-LDLN$b00$c20160215$lBLL01$h2119
=CAT  \\$aBATCH-UPD$b00$c20160215$lBLL01$h2119
=CAT  \\$aWR16_021$c20160720$lBLL01$h1711
=CAT  \\$a10999$b40$c20180209$lBLL01$h1058
=FMT  \\$a  BK
=LAS  \\$a10999$b40$c20180209$lBLL01$h1058

