=LDR  02564 am a2200445 i 4500
=001  017743631
=003  Uk
=005  20180209110744.0
=008  160125s2015\\\\enk\\\\\\b\\\\000\0\eng\c
=015  \\$aGBB623314$2bnb
=016  7\$a017743631$2Uk
=020  \\$qpaperback
=035  \\$a(WlAbNL)99632066102419
=040  \\$aStEdALDL$beng$cStEdALDL$dWlAbNL$erda
=042  \\$aukscp
=100  1\$aFarhi, Emmanuel,$eauthor.
=245  10$aOptimal taxation with behavioral agents /$cEmmanuel Farhi and Xavier Gabaix.
=264  \1$aLondon :$bCentre for Economic Policy Research,$cDecember 2015.
=300  \\$a116 pages ;$c21 cm
=336  \\$atext$btxt$2rdacontent
=337  \\$aunmediated$bn$2rdamedia
=338  \\$avolume$bnc$2rdacarrier
=500  \\$a"Submitted 11 December 2015."
=504  \\$aIncludes bibliographical references (pages 54-57).
=520  \\$aThis paper develops a theory of optimal taxation with behavioral agents. We use a general behavioral framework that encompasses a wide range of behavioral biases such as misperceptions, internalities and mental accounting. We revisit the three pillars of optimal taxation: Ramsey (linear commodity taxation to raise revenues and redistribute), Pigou (linear commodity taxation to correct externalities) and Mirrlees (nonlinear income taxation). We show how the canonical optimal tax formulas are modified and lead to a rich set of novel economic insights. We also show how to incorporate nudges in the optimal taxation frameworks, and jointly characterize optimal taxes and nudges. We explore the Diamond-Mirrlees productive efficiency result and the Atkinson-Stiglitz uniform commodity taxation proposition, and find that they are more likely to fail with behavioral agents.
=650  \0$aTaxation.
=650  \0$aEconomics$xPsychological aspects.
=700  1\$aGabaix, Xavier,$eauthor.
=710  2\$aCentre for Economic Policy Research (Great Britain),$eissuing body.
=830  \0$aDiscussion paper (Centre for Economic Policy Research (Great Britain)) ;$vno. 11008.
=852  41$aBritish Library$bHMNTS$jYK.2018.a.719
=856  40$uhttp://www.cepr.org/active/publications/discussion_papers/dp.php?dpno=11008
=985  \\$aAwaiting NETCAT record - item sent to shelf
=985  \\$aLDLSCP record - no ISBN match on import to BLL01
=CAT  \\$aBATCH-LDLN$b00$c20160215$lBLL01$h2119
=CAT  \\$aBATCH-UPD$b00$c20160215$lBLL01$h2119
=CAT  \\$aWR16_021$c20160720$lBLL01$h1711
=CAT  \\$a10999$b40$c20180209$lBLL01$h1107
=FMT  \\$a  BK
=LAS  \\$a10999$b40$c20180209$lBLL01$h1107

