=LDR  03305 am a2200457 i 4500
=001  017743632
=003  Uk
=005  20180209110929.0
=008  160125s2015\\\\enka\\\\\b\\\\000\0\eng\c
=015  \\$aGBB623315$2bnb
=016  7\$a017743632$2Uk
=020  \\$qpaperback
=035  \\$a(WlAbNL)99632066302419
=040  \\$aStEdALDL$beng$cStEdALDL$dWlAbNL$erda
=042  \\$aukscp
=100  1\$aBello, Piera,$d1986-$eauthor.
=245  10$aOld before their time :$bthe role of employers in retirement decisions /$cPiera Bello and Vincenzo Galasso.
=264  \1$aLondon :$bCentre for Economic Policy Research,$cDecember 2015.
=300  \\$a44 pages :$billustrations (black and white) ;$c21 cm
=336  \\$atext$btxt$2rdacontent
=337  \\$aunmediated$bn$2rdamedia
=338  \\$avolume$bnc$2rdacarrier
=500  \\$a"Submitted 09 December 2015."
=504  \\$aIncludes bibliographical references (pages 21-24).
=520  \\$aDo elderly workers retire early voluntarily, or are they induced (or even forced) by their employees? To establish the relevance of the labor demand component in retirement decisions, we consider a trade liberalization between Switzerland and the EU -- the Mutual Recognition Agreement (MRA). A vast literature suggests that these trade liberalizations induce firms to relocate and to restructure, with large compositional effects on the labor market particularly for the elderly workers, who face higher mobility costs. Using Swiss Labor Force Survey data, we use a difference in differences approach to compare early retirement behavior in three periods (pre-liberalization, announcement, and implementation) for three groups of industries. MRA industries represent our treatment group; control groups are non-MRA manufacturing industries, and services. Our empirical results show that elderly workers are more likely to retire early in the MRA sector during the announcement period, and that the employment of young (30-years old) male workers increases. The distribution of wages by age is instead unaffected. Additional empirical evidence using Swiss Business Census and UN Comtrade data suggests that the increase in early retirement in MRA is not explained by more firms' exits, nor by more early retirement among the exiting firms. It is rather the surviving MRA firms, which react to the increase in competition by adjusting their labor force and use more early retirement.
=650  \0$aEarly retirement$xDecision making.
=650  \0$aAge discrimination in employment.
=650  \0$aLabor supply.
=700  1\$aGalasso, Vincenzo,$d1967-$eauthor.
=710  2\$aCentre for Economic Policy Research (Great Britain),$eissuing body.
=830  \0$aDiscussion paper (Centre for Economic Policy Research (Great Britain)) ;$vno. 11007.
=852  41$aBritish Library$bHMNTS$jYK.2018.a.720
=856  40$uhttp://www.cepr.org/active/publications/discussion_papers/dp.php?dpno=11007
=985  \\$aAwaiting NETCAT record - item sent to shelf
=985  \\$aLDLSCP record - no ISBN match on import to BLL01
=CAT  \\$aBATCH-LDLN$b00$c20160215$lBLL01$h2119
=CAT  \\$aBATCH-UPD$b00$c20160215$lBLL01$h2119
=CAT  \\$aWR16_021$c20160720$lBLL01$h1711
=CAT  \\$a10999$b40$c20180209$lBLL01$h1109
=FMT  \\$a  BK
=LAS  \\$a10999$b40$c20180209$lBLL01$h1109

