=LDR  02945 am a2200481 i 4500
=001  017743633
=003  Uk
=005  20180209104632.0
=008  160125s2015\\\\enka\\\\\b\\\\000\0\eng\c
=015  \\$aGBB623316$2bnb
=016  7\$a017743633$2Uk
=020  \\$qpaperback
=035  \\$a(WlAbNL)99632068402419
=040  \\$aStEdALDL$beng$cStEdALDL$dWlAbNL$erda
=042  \\$aukscp
=100  1\$aRossi, Stefano,$d1974-$eauthor.
=245  10$aWhat drives financial reform? :$beconomics and politics of the state-level adoption of municipal bankruptcy laws /$cStefano Rossi and Hayong Yun.
=264  \1$aLondon :$bCentre for Economic Policy Research,$cDecember 2015.
=300  \\$a50 pages :$billustrations (black and white) ;$c21 cm
=336  \\$atext$btxt$2rdacontent
=336  \\$astill image$bsti$2rdacontent
=337  \\$aunmediated$bn$2rdamedia
=338  \\$avolume$bnc$2rdacarrier
=490  0\$aDiscussion paper / Centre for Economic Policy Research,$x0265-8003 ;$vno. 10984
=500  \\$a"Submitted 04 December 2015."
=504  \\$aIncludes bibliographical references (pages 35-39).
=520  \\$aWe investigate economic and political theories of financial reform to analyze state-level adoption of municipal bankruptcy laws (Chapter 9). Using a dynamic Cox hazard model, we find that interest group factors related to the relative strength of potential losers (labor unions) and winners (bond investors), courts' efficiency, and trust in non-opportunistic behavior by local government explain the timing of Chapter 9 adoptions between 1980 and 2012. Similar factors also explain congressional voting on municipal bankruptcy law. After Chapter 9 adoption, municipal bond spreads decrease and firms experience higher revenues, profits, and investments, particularly in states in which more bond proceeds are used by the private sector. Our findings support political and economic theories of financial reform, and highlight a novel spillover channel from the public to the private sector.
=650  \0$aGovernment securities$zUnited States$xEconometric models.
=650  \0$aMunicipal bankruptcy$zUnited States$xEconometric models.
=700  1\$aYun, Hayong,$eauthor.
=710  2\$aCentre for Economic Policy Research (Great Britain),$eissuing body.
=830  \0$aDiscussion paper (Centre for Economic Policy Research (Great Britain)) ;$vno. 10984.
=852  41$aBritish Library$bHMNTS$jYK.2018.a.707
=856  40$uhttp://www.cepr.org/active/publications/discussion_papers/dp.php?dpno=10984
=985  \\$aAwaiting NETCAT record - item sent to shelf
=985  \\$aLDLSCP record - no ISBN match on import to BLL01
=CAT  \\$aBATCH-LDLN$b00$c20160215$lBLL01$h2119
=CAT  \\$aBATCH-UPD$b00$c20160215$lBLL01$h2119
=CAT  \\$a6524$b40$c20160302$lBLL01$h1133
=CAT  \\$aWR16_021$c20160720$lBLL01$h1711
=CAT  \\$a10999$b40$c20180209$lBLL01$h1046
=FMT  \\$a  BK
=LAS  \\$a10999$b40$c20180209$lBLL01$h1046

