=LDR  03237 am a2200505 i 4500
=001  017743634
=003  Uk
=005  20180209111233.0
=008  160125s2015\\\\enkab\\\\b\\\\000\0\eng\c
=015  \\$aGBB623317$2bnb
=016  7\$a017743634$2Uk
=020  \\$qpaperback
=035  \\$a(WlAbNL)99632069702419
=040  \\$aStEdALDL$beng$cStEdALDL$dWlAbNL$erda
=042  \\$aukscp
=100  1\$aBown, Chad P.$q(Chad Philips),$d1972-$eauthor.
=245  10$aWhat's left for the WTO? /$cChad P. Bown.
=264  \1$aLondon :$bCentre for Economic Policy Research,$c2015.
=300  \\$a40 pages :$billustrations (black and white), 1 map ;$c21 cm
=336  \\$atext$btxt$2rdacontent
=336  \\$astill image$bsti$2rdacontent
=336  \\$acartographic image$2rdacontent
=337  \\$aunmediated$bn$2rdamedia
=338  \\$avolume$bnc$2rdacarrier
=490  0\$aDiscussion paper / Centre for Economic Policy Research,$x0265-8003 ;$vno. 11003
=500  \\$a"Submitted 09 December 2015."
=504  \\$aIncludes bibliographical references (pages 25-28).
=520  \\$aSuppose that when addressing the question of "what's left for the WTO?," tariff negotiators relied not on the agenda established in 2001 but instead on the terms-of-trade theory of trade agreements to identify negotiating priorities. This paper uses the lens of the terms-of-trade theory to investigate three areas in which it is frequently alleged that currently applied tariffs remain "too high"; the implication being that the WTO's job performance to date is incomplete. This includes applied tariffs for countries that are not members of the WTO, applied MFN tariffs for WTO members that are unbound, and applied MFN tariffs for WTO members set in the presence of large amounts of tariff binding overhang. These are almost exclusively the domain of developing countries' own trade policies and they are collectively important; 3.5 billion people currently live in countries in which the WTO has had minimal effect for one of these three reasons. This paper builds upon recent developments in the empirical literature to present evidence -- some direct, some indirect -- that sheds light on each area. It then identifies specific needs for additional research to clarify policy implications for the future role of the WTO in the ever-changing international trading system.
=610  20$aWorld Trade Organization.
=650  \0$aInternational trade.
=650  \0$aTariff.
=650  \0$aTerms of trade.
=710  2\$aCentre for Economic Policy Research (Great Britain),$eissuing body.
=830  \0$aDiscussion paper (Centre for Economic Policy Research (Great Britain)) ;$vno. 11003.
=852  41$aBritish Library$bHMNTS$jYK.2018.a.722
=856  40$uhttp://www.cepr.org/active/publications/discussion_papers/dp.php?dpno=11003
=985  \\$aAwaiting NETCAT record - item sent to shelf
=985  \\$aLDLSCP record - no ISBN match on import to BLL01
=CAT  \\$aBATCH-LDLN$b00$c20160215$lBLL01$h2119
=CAT  \\$aBATCH-UPD$b00$c20160215$lBLL01$h2119
=CAT  \\$a6524$b40$c20160302$lBLL01$h1135
=CAT  \\$aWR16_021$c20160720$lBLL01$h1711
=CAT  \\$a10999$b40$c20180209$lBLL01$h1112
=FMT  \\$a  BK
=LAS  \\$a10999$b40$c20180209$lBLL01$h1112

