=LDR  02950 am a2200469 i 4500
=001  017743635
=003  Uk
=005  20180216110530.0
=008  160125s2015\\\\enka\\\\\b\\\\000\0\eng\c
=015  \\$aGBB623318$2bnb
=016  7\$a017743635$2Uk
=020  \\$qpaperback
=035  \\$a(WlAbNL)99632070002419
=040  \\$aStEdALDL$beng$cStEdALDL$dWlAbNL$erda
=042  \\$aukscp
=100  1\$aGhosal, Sayantan,$eauthor.
=245  10$aWriting-down debt with heterogeneous creditors :$block laws and late swap /$cSayantan Ghosal and Marcus Miller.
=264  \1$aLondon :$bCentre for Economic Policy Research,$cDecember 2015.
=300  \\$a19 pages :$billustrations (black and white) ;$c21 cm
=336  \\$atext$btxt$2rdacontent
=336  \\$astill image$bsti$2rdacontent
=337  \\$aunmediated$bn$2rdamedia
=338  \\$avolume$bnc$2rdacarrier
=500  \\$a"Submitted 10 December 2015."
=504  \\$aIncludes bibliographical references (pages 15-16).
=520  \\$aThe presence of 'holdouts' in recent sovereign debt swaps poses a challenge to bargaining models which assume all creditors to be homogeneous. We modify the Rubinstein 'alternating offers' framework so as to accommodate exogenous creditor heterogeneity -- specifically holdouts more patient than other bondholders. The 'second best' equilibrium derived is an initial offer and an associated 'lock-law' sufficient to tempt impatient creditors into a prompt bond exchange. This is followed by a delayed, but more generous, swap with the patient creditors, timed to take place when the lock-law expires. In practice, however, the presence of holdouts may be endogenous: they may be late-comers who buy distressed bonds with a view to litigating for the full face value plus their costs of waiting. Provisions for protecting other bond holders from the negative externality caused by such tactics are briefly discussed. However, where the judge has mandated good faith bargaining with holdout creditors, the bargaining outcome we derive may be useful to indicate a basis for compromise.
=650  \0$aDebt relief$xEconometric models.
=650  \0$aDebts, Public$xEconometric models.
=650  \0$aDebtor and creditor$xEconometric models.
=700  1\$aMiller, Marcus,$d1941-$eauthor.
=710  2\$aCentre for Economic Policy Research (Great Britain),$eissuing body.
=830  \0$aDiscussion paper (Centre for Economic Policy Research (Great Britain)) ;$vno. 11000.
=852  41$aBritish Library$bHMNTS$jYK.2018.a.840
=856  40$uhttp://www.cepr.org/active/publications/discussion_papers/dp.php?dpno=11000
=985  \\$aAwaiting NetCat DDC
=985  \\$aLDLSCP record - no ISBN match on import to BLL01
=CAT  \\$aBATCH-LDLN$b00$c20160215$lBLL01$h2119
=CAT  \\$aBATCH-UPD$b00$c20160215$lBLL01$h2119
=CAT  \\$aWR16_021$c20160720$lBLL01$h1711
=CAT  \\$a10999$b40$c20180216$lBLL01$h1105
=FMT  \\$a  BK
=LAS  \\$a10999$b40$c20180216$lBLL01$h1105

