=LDR  03120 am a2200457 i 4500
=001  017743636
=003  Uk
=005  20180209111536.0
=008  160126s2015\\\\enka\\\\\b\\\\000\0\eng\c
=015  \\$aGBB623319$2bnb
=016  7\$a017743636$2Uk
=020  \\$qpaperback
=035  \\$a(WlAbNL)99632070202419
=040  \\$aStEdALDL$beng$cStEdALDL$dWlAbNL$erda
=042  \\$aukscp
=100  1\$aBaldwin, Richard E.,$eauthor.
=245  14$aThe World Trade Organization and the future of multilateralism /$cRichard Baldwin.
=264  \1$aLondon :$bCentre for Economic Policy Research,$cDecember 2015.
=300  \\$a18 unnumbered pages :$billustrations (black and white) ;$c21 cm
=336  \\$atext$btxt$2rdacontent
=336  \\$astill image$bsti$2rdacontent
=337  \\$aunmediated$bn$2rdamedia
=338  \\$avolume$bnc$2rdacarrier
=500  \\$a"Submitted 19 December 2015."
=504  \\$aIncludes bibliographical references (unnumbered pages 16-18).
=520  \\$aThis paper looks that the future of multilateralism and the WTO in the light of its current problems and past successes. The main thesis is that WTO and the future of multilateralism are two different things. The ICT Revolution created a new type of trade -- what might be called 21st century trade -- where greater integration means more 'factories crossing borders'. As a result, the flows that used happen only inside rich nation factories are now part of international commerce. These new, more complex cross-border flows go beyond, the 20th century trade that the WTO was set up to govern. For 20th century trade, the WTO and multilateralism are likely to continue even as the WTO's centrality in global trade governance shrinks. Multilateralism for 21st century trade, however, has shifted to regional arrangements like TPP. Unless the WTO membership makes a big shift and embraces 21st century trade issues, the new mega-regional trade arrangements will act as loose governance organizations for 21st century trade. Whatever happens, it is clear that by the end of the decade, world trade governance will be quite different than it is today. The idea that the WTO is the central pillar of global trade governance will either be replaced by a multipolar system, or the WTO itself will be transformed.
=610  20$aWorld Trade Organization.
=650  \0$aInternational trade.
=650  \0$aInternational economic integration.
=710  2\$aCentre for Economic Policy Research (Great Britain),$eissuing body.
=830  \0$aDiscussion paper (Centre for Economic Policy Research (Great Britain)) ;$vno. 11021.
=852  41$aBritish Library$bHMNTS$jYK.2018.a.723
=856  40$uhttp://www.cepr.org/active/publications/discussion_papers/dp.php?dpno=11021
=985  \\$aAwaiting NETCAT record - item sent to shelf
=985  \\$aLDLSCP record - no ISBN match on import to BLL01
=CAT  \\$aBATCH-LDLN$b00$c20160215$lBLL01$h2119
=CAT  \\$aBATCH-UPD$b00$c20160215$lBLL01$h2119
=CAT  \\$aWR16_021$c20160720$lBLL01$h1711
=CAT  \\$a10999$b40$c20180209$lBLL01$h1115
=FMT  \\$a  BK
=LAS  \\$a10999$b40$c20180209$lBLL01$h1115

