=LDR  02315aam a2200541 i 4500
=001  017748070
=003  Uk
=005  20160518154959.0
=008  150721s2015\\\\enka\\\\\b\\\\000\0\eng\c
=015  \\$aGBB625736$2bnb
=016  7\$a017748070$2Uk
=020  \\$qpaperback
=035  \\$a(WlAbNL)99396997002419
=040  \\$aStEdALDL$beng$cStEdALDL$dWlAbNL$dUk$erda
=042  \\$aukscp
=082  04$a338.523015118$223
=100  1\$aGriffith, Rachel,$eauthor.
=245  10$aIncome effects and the welfare consequences of tax in differentiated product oligopoly /$cRachel Griffith, Lars Nesheim and Martin O'Connell.
=264  \1$aLondon :$bCentre for Economic Policy Research,$cJune 2015.
=300  \\$a48, 4 pages :$billustrations (black and white) ;$c21 cm.
=336  \\$atext$btxt$2rdacontent
=336  \\$astill image$bsti$2rdacontent
=337  \\$aunmediated$bn$2rdamedia
=338  \\$avolume$bnc$2rdacarrier
=490  1\$aDiscussion paper / Centre for Economic Policy Research,$x0265-8003 ;$vno. 10670
=500  \\$a"This Discussion Paper is issued under the auspices of the Centre's research programme in Industrial Organization".
=500  \\$a"Submitted 09 June 2015."
=504  \\$aIncludes bibliographical references (pages 45-48).
=530  \\$aAlso issued online.
=650  \0$aTaxation.
=650  \0$aOligopolies$xMathematical models.
=690  7\$aManagement and Business Studies$2blcoll
=700  1\$aNesheim, Lars,$eauthor.
=700  1\$aO'Connell, Martin,$d1985-$eauthor.
=710  2\$aCentre for Economic Policy Research (Great Britain),$eissuing body.
=830  \0$aDiscussion paper (Centre for Economic Policy Research (Great Britain)).$pIndustrial organization ;$vno. 10670.
=852  41$aBritish Library$bHMNTS$jYK.2016.a.1798
=856  40$uhttp://www.cepr.org/active/publications/discussion_papers/dp.php?dpno=10670
=985  \\$aLDLSCP record - no ISBN match on import to BLL01
=CAT  \\$aBATCH-LDLN$b00$c20160222$lBLL01$h2056
=CAT  \\$aBATCH-UPD$b00$c20160222$lBLL01$h2057
=CAT  \\$a6162$b40$c20160414$lBLL01$h1431
=CAT  \\$a8964$b40$c20160518$lBLL01$h1549
=CAT  \\$aBATCH-MBS$c20160527$lBLL01$h2052
=CAT  \\$aWR16_021$c20160720$lBLL01$h1711
=FIN  \\$aY$d20160518
=FMT  \\$a  BK
=LAS  \\$aWR16_021$b00$c20160720$lBLL01$h1711

