=LDR  03580aam a2200541 i 4500
=001  017754057
=003  Uk
=005  20160518135302.0
=008  150721s2015\\\\enka\\\\\b\\\\000\0\eng\c
=015  \\$aGBB628894$2bnb
=016  7\$a017754057$2Uk
=020  \\$qpaperback
=035  \\$a(WlAbNL)99396451802419
=040  \\$aStEdALDL$beng$cStEdALDL$dWlAbNL$dUk$erda
=042  \\$aukscp
=082  04$a331.215015195$223
=100  1\$aAghion, Philippe,$eauthor.
=245  10$aInnovation and top income inequality /$cPhilippe Aghion [and four others].
=264  \1$aLondon :$bCentre for Economic Policy Research,$cJune 2015.
=300  \\$a57 pages :$billustrations (black and white) ;$c21 cm.
=336  \\$atext$btxt$2rdacontent
=336  \\$astill image$bsti$2rdacontent
=337  \\$aunmediated$bn$2rdamedia
=338  \\$avolume$bnc$2rdacarrier
=490  1\$aDiscussion paper series,$x0265-8003 ;$vno. 10659
=500  \\$a"Submitted 12 June 2015."
=504  \\$aIncludes bibliographical references (pages 36-40).
=520  \\$aIn this paper we use cross-state panel data to show a positive and significant correlation between various measures of innovativeness and top income inequality in the United States over the past decades. Two distinct instrumentation strategies suggest that this correlation (partly) reflects a causality from innovativeness to top income inequality, and the effect is significant: for example, when measured by the number of patent per capita, innovativeness accounts on average across US states for around 17% of the total increase in the top 1% income share between 1975 and 2010. Yet, innovation does not appear to increase other measures of inequality which do not focus on top incomes. Next, we show that the positive effects of innovation on the top 1% income share are dampened in states with higher lobbying intensity. Finally, from cross-section regressions performed at the commuting zone (CZ) level, we find that: (i) innovativeness is positively correlated with upward social mobility; (ii) the positive correlation between innovativeness and social mobility, is driven mainly by entrant innovators and less so by incumbent innovators, and it is dampened in states with higher lobbying intensity. Overall, our findings vindicate the Schumpeterian view whereby the rise in top income shares is partly related to innovation-led growth, where innovation itself fosters social mobility at the top through creative destruction.
=650  \0$aTechnological innovations$xEconomic aspects.
=650  \0$aIncome distribution$xEconometric models.
=650  \0$aPatents$xEconomic aspects.
=690  7\$aManagement and Business Studies$2blcoll
=710  2\$aCentre for Economic Policy Research (Great Britain),$eissuing body.
=830  \0$aDiscussion paper (Centre for Economic Policy Research (Great Britain)).$pPublic economics ;$vno. 10659.
=852  41$aBritish Library$bHMNTS$jYK.2016.a.1795
=856  40$uhttp://www.cepr.org/active/publications/discussion_papers/dp.php?dpno=10659
=985  \\$aLDLSCP record - no ISBN match on import to BLL01
=CAT  \\$aBATCH-LDLN$b00$c20160229$lBLL01$h2122
=CAT  \\$aBATCH-UPD$b00$c20160229$lBLL01$h2122
=CAT  \\$a9657$b40$c20160418$lBLL01$h1115
=CAT  \\$a9657$b40$c20160418$lBLL01$h1120
=CAT  \\$a9657$b40$c20160418$lBLL01$h1122
=CAT  \\$a8964$b40$c20160518$lBLL01$h1353
=CAT  \\$aBATCH-MBS$c20160527$lBLL01$h2052
=CAT  \\$aWR16_021$c20160720$lBLL01$h1712
=FIN  \\$aY$d20160518
=FMT  \\$a  BK
=LAS  \\$aWR16_021$b00$c20160720$lBLL01$h1712

