=LDR  03366aam a2200529 i 4500
=001  017754058
=003  Uk
=005  20160830143203.0
=008  150721s2015\\\\enka\\\\\b\\\\000\0\eng\c
=015  \\$aGBB628895$2bnb
=016  7\$a017754058$2Uk
=020  \\$qpaperback
=035  \\$a(WlAbNL)99396496102419
=040  \\$aStEdALDL$beng$cStEdALDL$dWlAbNL$dUk$erda
=042  \\$aukscp
=082  04$a339.52015195$223
=100  1\$aChugh, Sanjay K.,$eauthor.
=245  10$aOptimal fiscal policy with endogenous product variety /$cSanjay K. Chugh and Fabio Ghironi.
=264  \1$aLondon :$bCentre for Economic Policy Research,$cJune 2015.
=300  \\$a59 pages :$billustrations (black and white) ;$c22 cm
=336  \\$atext$btxt$2rdacontent
=336  \\$astill image$bsti$2rdacontent
=337  \\$aunmediated$bn$2rdamedia
=338  \\$avolume$bnc$2rdacarrier
=500  \\$a"Submitted 22 June 2015."
=504  \\$aIncludes bibliographical references (pages 41-44).
=520  \\$aWe study Ramsey-optimal fiscal policy in an economy in which product creation is the result of forward-looking investment decisions by firms. There are two main results. First, depending on the particular form of variety aggregation, firms' dividend payments may be either subsidized or taxed in the long run. This policy balances monopoly incentives for product creation with the welfare benefit of product variety. In the most empirically relevant form of variety aggregation, socially efficient outcomes entail a substantial tax on dividend income, removing the incentive for over-accumulation of capital, which takes the form of the stock of products. Similar intuitions determine the optimal setting of long-run producer entry subsidies. Second, optimal policy induces dramatically smaller, but efficient, fluctuations of both capital and labor markets than in a calibrated exogenous policy. Decentralization requires zero intertemporal distortions and constant static distortions over the cycle. The results relate to Ramsey theory, which we show by developing welfare-relevant concepts of efficiency that take into account product creation. The results on optimal entry subsidies provide guidance for the study of product market reforms in dynamic macro models.
=530  \\$aAlso issued online.
=650  \0$aFiscal policy$xEconometric models.
=650  \0$aNew products.
=650  \0$aRamsey numbers.
=690  7\$aManagement and Business Studies$2blcoll
=700  1\$aGhironi, Fabio,$eauthor.
=710  2\$aCentre for Economic Policy Research (Great Britain),$eissuing body.
=830  \0$aDiscussion paper (Centre for Economic Policy Research (Great Britain)).$pMacroeconomics and growth, monetary economics and fluctuations and public economics ;$vno. 10674.
=852  41$aBritish Library$bHMNTS$jYK.2016.a.3022
=856  40$uhttp://www.cepr.org/active/publications/discussion_papers/dp.php?dpno=10674
=985  \\$aLDLSCP record - no ISBN match on import to BLL01
=CAT  \\$aBATCH-LDLN$b00$c20160229$lBLL01$h2122
=CAT  \\$aBATCH-UPD$b00$c20160229$lBLL01$h2122
=CAT  \\$a6632$b40$c20160816$lBLL01$h1632
=CAT  \\$aBATCH-016$c20160817$lBLL01$h2146
=CAT  \\$a8964$b40$c20160830$lBLL01$h1432
=CAT  \\$aBATCH-MBS$c20160909$lBLL01$h2055
=FIN  \\$aY$d20160830
=FMT  \\$a  BK
=LAS  \\$aBATCH-MBS$b00$c20160909$lBLL01$h2055

