=LDR  02194 am a2200457 i 4500
=001  017762891
=003  Uk
=005  20180216111312.0
=008  160125s2015\\\\enka\\\\\b\\\\000\0\eng\c
=015  \\$aGBB631638$2bnb
=016  7\$a017762891$2Uk
=020  \\$qpaperback
=035  \\$a(WlAbNL)99632067602419
=040  \\$aStEdALDL$beng$cStEdALDL$dWlAbNL$erda
=042  \\$aukscp
=100  10$aFavero, Carlo A.,$eauthor.
=245  10$aWhat do we know about fiscal multipliers? /$cCarlo A. Favero and Madina Karamysheva.
=264  \1$aLondon :$bCentre for Economic Policy Research,$cDecember 2015.
=300  \\$a38 pages :$billustrations (black and white) ;$c21 cm
=336  \\$atext$btxt$2rdacontent
=336  \\$astill image$bsti$2rdacontent
=337  \\$aunmediated$bn$2rdamedia
=338  \\$avolume$bnc$2rdacarrier
=500  \\$a"Submitted 03 December 2015."
=504  \\$aIncludes bibliographical references (pages 32-36).
=520  \\$aThe Empirical evidence on fiscal multipliers is very heterogenous. In this paper we first survey available estimates of fiscal multipliers to try to understand their heterogeneity. We provide a general framework that allows to make the identification and specification choices made by the different authors explict and leads hopefully to a better understanding of the heterogeneity of results.
=650  \0$aMultiplier (Economics)$xEconometric models.
=650  \0$aFiscal policy$xEconometric models.
=700  1\$aKaramysheva, Madina,$d1986-$eauthor.
=710  2\$aCentre for Economic Policy Research (Great Britain),$eissuing body.
=830  \0$aDiscussion paper (Centre for Economic Policy Research (Great Britain)) ;$vno. 10986.
=852  41$aBritish Library$bHMNTS$jYK.2018.a.843
=856  40$uhttp://www.cepr.org/active/publications/discussion_papers/dp.php?dpno=10986
=985  \\$aAwaiting NetCat DDC
=985  \\$aLDLSCP record - no ISBN match on import to BLL01
=CAT  \\$aBATCH-LDLN$b00$c20160307$lBLL01$h2141
=CAT  \\$aBATCH-UPD$b00$c20160307$lBLL01$h2141
=CAT  \\$aBATCH-016$c20170315$lBLL01$h2150
=CAT  \\$a10999$b40$c20180216$lBLL01$h1113
=FMT  \\$a  BK
=LAS  \\$a10999$b40$c20180216$lBLL01$h1113

