=LDR  02958aam a2200517 i 4500
=001  017762919
=003  Uk
=005  20160518133423.0
=008  150721s2015\\\\enka\\\\\b\\\\000\0\eng\c
=015  \\$aGBB631666$2bnb
=016  7\$a017762919$2Uk
=020  \\$qpaperback
=035  \\$a(WlAbNL)99396453202419
=040  \\$aStEdALDL$beng$cStEdALDL$dWlAbNL$dUk$erda
=042  \\$aukscp
=082  04$a338.542015195$223
=100  1\$aSchmitt-Grohe, Stephanie,$eauthor.
=245  10$aHow important are terms of trade shocks? /$cStephanie Schmiit-Grohe and Martin Uribe.
=264  \1$aLondon :$bCentre for Economic Policy Research,$cJune 2015.
=300  \\$a26 pages :$billustrations (black and white) ;$c21 cm
=336  \\$atext$btxt$2rdacontent
=336  \\$astill image$bsti$2rdacontent
=337  \\$aunmediated$bn$2rdamedia
=338  \\$avolume$bnc$2rdacarrier
=500  \\$a"Submitted 02 June 2015."
=504  \\$aIncludes bibliographical references (page 26).
=520  \\$aAccording to conventional wisdom, terms of trade shocks represent a major source of business cycles in emerging and poor countries. This view is largely based on the analysis of calibrated business-cycle models. We argue that the view that emerges from empirical SVAR models is strikingly different. We estimate country-specific SVARs using data from 38 poor and emerging countries and find that terms-of-trade shocks explain only 10 percent of movements in aggregate activity. We then build a fully-fledged, open economy model with three sectors, importables, exportables, and nontradables, and use data from each of the 38 countries to obtain country-specific estimates of key structural parameters, including those defining the terms-of-trade process. In the estimated theoretical business-cycle models terms-of-trade shocks explain on average 30 percent of the variance of key macroeconomic indicators, three times as much as in SVAR models.
=650  \0$aTerms of trade$xEconometric models.
=650  \0$aBusiness cycles$xEconometric models.
=690  7\$aManagement and Business Studies$2blcoll
=700  1\$aUribe, Martin,$eauthor.
=710  2\$aCentre for Economic Policy Research (Great Britain),$eissuing body.
=830  \0$aDiscussion paper (Centre for Economic Policy Research (Great Britain)) ;$vno. 10655.
=852  41$aBritish Library$bHMNTS$jYK.2016.a.1792
=856  40$uhttp://www.cepr.org/active/publications/discussion_papers/dp.php?dpno=10655
=985  \\$aLDLSCP record - no ISBN match on import to BLL01
=CAT  \\$aBATCH-LDLN$b00$c20160307$lBLL01$h2141
=CAT  \\$aBATCH-UPD$b00$c20160307$lBLL01$h2141
=CAT  \\$a10883$b40$c20160414$lBLL01$h1122
=CAT  \\$a8964$b40$c20160518$lBLL01$h1333
=CAT  \\$a8964$b40$c20160518$lBLL01$h1334
=CAT  \\$aBATCH-MBS$c20160527$lBLL01$h2052
=CAT  \\$aWR16_021$c20160720$lBLL01$h1713
=FIN  \\$aY$d20160518
=FMT  \\$a  BK
=LAS  \\$aWR16_021$b00$c20160720$lBLL01$h1713

