=LDR  03568aam a2200565 i 4500
=001  017762920
=003  Uk
=005  20160516104416.0
=008  150721s2015\\\\enka\\\\\b\\\\000\0\eng\c
=015  \\$aGBB631667$2bnb
=016  7\$a017762920$2Uk
=020  \\$qpaperback
=035  \\$a(WlAbNL)99396454002419
=040  \\$aStEdALDL$beng$cStEdALDL$dWlAbNL$dUk$erda
=042  \\$aukscp
=082  04$a338.470086912$223
=100  1\$aOttaviano, Gianmarco I. P.,$eauthor.
=245  10$aImmigration, trade and productivity in services :$bevidence from U.K. firms /$cGianmarco I.P. Ottaviano, Giovanni Peri and Greg C. Wright.
=264  \1$aLondon :$bCentre for Economic Policy Research,$cMay 2015.
=300  \\$a48 pages :$billustrations (black and white) ;$c21 cm.
=336  \\$atext$btxt$2rdacontent
=336  \\$astill image$bsti$2rdacontent
=337  \\$aunmediated$bn$2rdamedia
=338  \\$avolume$bnc$2rdacarrier
=490  1\$aCentre for Economic Policy Research discussion paper ;$vno. 10627
=500  \\$a"Submitted 26 May 2015."
=504  \\$aIncludes bibliographical references (pages 24-26).
=520  \\$aThis paper explores the impact of immigrants on the imports, exports and productivity of service-producing firms in the U.K. Immigrants may substitute for imported intermediate inputs (offshore production) and they may impact the productivity of the firm as well as its export behavior. The first effect can be understood as the re-assignment of offshore productive tasks to immigrant workers. The second can be seen as a productivity or cost cutting effect due to immigration, and the third as the effect of immigrants on specific bilateral trade costs. We test the predictions of our model using differences in immigrant inflows across U.K. labor markets, instrumented with an enclave-based instrument that distinguishes between aggregate and bilateral immigration, as well as immigrant diversity. We find that immigrants increase overall productivity in service-producing firms, revealing a cost cutting impact on these firms. Immigrants also reduce the extent of country-specific offshoring, consistent with a reallocation of tasks and, finally, they increase country-specific exports, implying an important role in reducing communication and trade costs for services.
=650  \0$aIndustrial productivity$zGreat Britain$xEconometric models.
=650  \0$aService industries$zGreat Britain$xEconometric models.
=650  \0$aInternational trade.
=651  \0$aGreat Britain$xEmigration and immigration$xEconomic aspects.
=690  7\$aManagement and Business Studies$2blcoll
=700  1\$aPeri, Giovanni,$eauthor.
=700  1\$aWright, Greg C.,$eauthor.
=710  2\$aCentre for Economic Policy Research (Great Britain),$eissuing body.
=830  \0$aDiscussion paper (Centre for Economic Policy Research (Great Britain)).$pInternational trade and regional economics ;$vno. 10627.
=852  41$aBritish Library$bHMNTS$jYK.2016.a.1741
=856  40$uhttp://www.cepr.org/active/publications/discussion_papers/dp.php?dpno=10627
=985  \\$aLDLSCP record - no ISBN match on import to BLL01
=CAT  \\$aBATCH-LDLN$b00$c20160307$lBLL01$h2141
=CAT  \\$aBATCH-UPD$b00$c20160307$lBLL01$h2141
=CAT  \\$a9657$b40$c20160418$lBLL01$h1251
=CAT  \\$a9657$b40$c20160418$lBLL01$h1314
=CAT  \\$a8964$b40$c20160516$lBLL01$h1044
=CAT  \\$aBATCH-MBS$c20160520$lBLL01$h2056
=CAT  \\$aWR16_021$c20160720$lBLL01$h1713
=FIN  \\$aY$d20160516
=FMT  \\$a  BK
=LAS  \\$aWR16_021$b00$c20160720$lBLL01$h1713

