=LDR  03188aam a2200589 i 4500
=001  017762923
=003  Uk
=005  20160516112239.0
=008  150721s2015\\\\enka\\\\\b\\\\000\0\eng\c
=015  \\$aGBB631670$2bnb
=016  7\$a017762923$2Uk
=020  \\$qpaperback
=035  \\$a(WlAbNL)99397012202419
=040  \\$aStEdALDL$beng$cStEdALDL$dWlAbNL$dUk$erda
=042  \\$aukscp
=082  04$a331.137973$223
=100  1\$aAcemoglu, Daron,$eauthor.
=245  10$aImport competition and the great U.S. employment sag of the 2000s /$cDaron Acemoglu [and four others].
=264  \1$aLondon :$bCentre for Economic Policy Research,$cJune 2015.
=300  \\$a42 pages, 15 unnumbered pages :$billustrations (black and white) ;$c21 cm.
=336  \\$atext$btxt$2rdacontent
=336  \\$astill image$bsti$2rdacontent
=337  \\$aunmediated$bn$2rdamedia
=338  \\$avolume$bnc$2rdacarrier
=490  1\$aDiscussion paper / Centre for Economic Policy Research,$x0265-8003 ;$vno. 10677
=500  \\$a"Submitted 17 June 2015."
=504  \\$aIncludes bibliographical references (pages 40-42).
=520  \\$aEven before the Great Recession, U.S. employment growth was unimpressive. Between 2000 and 2007, the economy gave back the considerable employment gains achieved during the 1990s, with a historic contraction in manufacturing employment being a prime contributor to the slump. We estimate that import competition from China, which surged after 2000, was a major force behind both recent reductions in U.S. manufacturing employment and-through input-output linkages and other general equilibrium channels-weak overall U.S. job growth. Our central estimates suggest job losses from rising Chinese import competition over 1999 through 2011 in the range of 2.0 to 2.4 million.
=650  \0$aCompetition, International$xEconometric models.
=650  \0$aLabor market$zUnited States$xEconometric models.
=650  \0$aImports$zUnited States$xEconometric models.
=651  \0$aUnited States$xForeign economic relations$zChina.
=651  \0$aChina$xForeign economic relations$zUnited States.
=690  7\$aManagement and Business Studies$2blcoll
=690  7\$aSocial Welfare$2blcoll
=710  2\$aCentre for Economic Policy Research (Great Britain),$eissuing body.
=830  \0$aDiscussion paper (Centre for Economic Policy Research (Great Britain)).$pInternational trade and regional economics and Labour economics ;$vno. 10677.
=852  41$aBritish Library$bHMNTS$jYK.2016.a.1748
=856  40$uhttp://www.cepr.org/active/publications/discussion_papers/dp.php?dpno=10677
=985  \\$aLDLSCP record - no ISBN match on import to BLL01
=CAT  \\$aBATCH-LDLN$b00$c20160307$lBLL01$h2141
=CAT  \\$aBATCH-UPD$b00$c20160307$lBLL01$h2141
=CAT  \\$a9657$b40$c20160414$lBLL01$h1410
=CAT  \\$a9657$b40$c20160414$lBLL01$h1452
=CAT  \\$a9657$b40$c20160418$lBLL01$h1405
=CAT  \\$a8964$b40$c20160516$lBLL01$h1122
=CAT  \\$aBATCH-MBS$c20160520$lBLL01$h2056
=CAT  \\$aBATCH-SWP$c20160520$lBLL01$h2210
=CAT  \\$aWR16_021$c20160720$lBLL01$h1713
=FIN  \\$aY$d20160516
=FMT  \\$a  BK
=LAS  \\$aWR16_021$b00$c20160720$lBLL01$h1713

