=LDR  02621 am a2200493 i 4500
=001  017771995
=003  Uk
=005  20180213142832.0
=008  160219s2016\\\\enk\\\\\\b\\\\000\0\eng\c
=015  \\$aGBB637868$2bnb
=016  7\$a017771995$2Uk
=020  \\$qpaperback
=035  \\$a(WlAbNL)99634836302419
=040  \\$aStEdALDL$beng$cStEdALDL$dWlAbNL$erda
=042  \\$aukscp
=100  1\$aBosquet, Clément,$eauthor.
=245  10$aWhy does birthplace matter so much? :$bsorting, learning and geography /$cClément Bosquet and Henry G Overman.
=264  \1$aLondon :$bCentre for Economic Policy Research,$cJanuary 2016.
=300  \\$a35 pages ;$c21 cm
=336  \\$atext$btxt$2rdacontent
=337  \\$aunmediated$bn$2rdamedia
=338  \\$avolume$bnc$2rdacarrier
=500  \\$a"Submitted 19 January 2016".
=504  \\$aIncludes bibliographical references (pages 26-28).
=520  \\$aWe consider the link between birthplace and wages. Using a unique panel dataset we estimate a raw elasticity of wage with respect to birthplace size of 4.6%, two thirds of the 6.8% raw elasticity with respect to city size. We consider a number of mechanisms through which this birthplace effect could arise. Our results suggest that inter-generational transmission (sorting) and the effect of birthplace on current location (geography) both play a role in explaining the effect of birthplace. We find no role for human capital formation at least in terms of educational outcomes (learning). Our results highlight the importance of intergenerational sorting in helping explain the persistence of spatial disparities.
=650  \0$aBirthplaces$xEconomic aspects.
=650  \0$aSocial mobility$xEconomic aspects.
=650  \0$aIntergenerational relations$xEconomic aspects.
=650  \0$aWages$xRegional disparities.
=650  \0$aEconomic geography.
=650  \0$aRegional economics.
=700  1\$aOverman, Henry G.,$eauthor.
=710  2\$aCentre for Economic Policy Research (Great Britain),$eissuing body.
=830  \0$aDiscussion paper (Centre for Economic Policy Research (Great Britain)) ;$vno. 11085.
=852  41$aBritish Library$bHMNTS$jYKL.2018.a.2193
=856  40$uhttp://www.cepr.org/active/publications/discussion_papers/dp.php?dpno=11085
=985  \\$aAwaiting NetCat DDC
=985  \\$aLDLSCP record - no ISBN match on import to BLL01
=CAT  \\$aBATCH-LDLN$b00$c20160314$lBLL01$h2047
=CAT  \\$aBATCH-UPD$b00$c20160314$lBLL01$h2047
=CAT  \\$aWR16_021$c20160720$lBLL01$h1714
=CAT  \\$a7359$b40$c20180213$lBLL01$h1428
=FMT  \\$a  BK
=LAS  \\$a7359$b40$c20180213$lBLL01$h1428

