=LDR  02526 am a2200469 i 4500
=001  017792513
=003  Uk
=005  20180213134727.0
=008  160219s2016\\\\enka\\\\\b\\\\000\0\eng\c
=015  \\$aGBB644056$2bnb
=016  7\$a017792513$2Uk
=020  \\$qpaperback
=035  \\$a(WlAbNL)99636018602419
=040  \\$aStEdALDL$beng$cStEdALDL$dWlAbNL$erda
=042  \\$aukscp
=100  1\$aHeathcote, Jonathan,$eauthor.
=245  10$aOn the desirability of capital controls /$cJonathon Heathcote and Fabrizio Perri.
=264  \1$aLondon :$bCentre for Economic Policy Research,$c2016.
=300  \\$a36 pages :$billustrations (black and white) ;$c21 cm
=336  \\$atext$btxt$2rdacontent
=336  \\$astill image$bsti$2rdacontent
=337  \\$aunmediated$bn$2rdamedia
=338  \\$avolume$bnc$2rdacarrier
=500  \\$a"Submitted 19 January 2016."
=504  \\$aIncludes bibliographical references (pages 34-36).
=520  \\$aIn a standard two-country international macro model, we ask whether imposing restrictions on international non contingent borrowing and lending is ever desirable. The answer is yes. If one country imposes capital controls unilaterally, it can generate favorable changes in the dynamics of equilibrium interest rates and the terms of trade, and thereby benefit at the expense of its trading partner. If both countries simultaneously impose capital controls, the welfare effects are ambiguous. We identify calibrations in which symmetric capital controls improve terms of trade insurance against country-specific shocks and thereby increase welfare for both countries.
=650  \0$aCapital movements$xEconometric models.
=650  \0$aInternational finance$xEconometric models.
=650  \0$aInternational trade$xEconometric models.
=700  1\$aPerri, Fabrizio$c(Monetary advisor),$eauthor.
=710  2\$aCentre for Economic Policy Research (Great Britain),$eissuing body.
=830  \0$aDiscussion paper (Centre for Economic Policy Research (Great Britain)) ;$vno. 11080.
=852  41$aBritish Library$bHMNTS$jYKL.2018.a.2171
=856  40$uhttp://www.cepr.org/active/publications/discussion_papers/dp.php?dpno=11080
=985  \\$aAwaiting NetCat DDC
=985  \\$aLDLSCP record - no ISBN match on import to BLL01
=CAT  \\$aBATCH-LDLN$b00$c20160404$lBLL01$h2125
=CAT  \\$aBATCH-UPD$b00$c20160404$lBLL01$h2126
=CAT  \\$aBATCH-016$c20170405$lBLL01$h2148
=CAT  \\$a7359$b40$c20180213$lBLL01$h1347
=FMT  \\$a  BK
=LAS  \\$a7359$b40$c20180213$lBLL01$h1347

