=LDR  02571 am a2200493 i 4500
=001  017792514
=003  Uk
=005  20180221090624.0
=008  160219s2016\\\\enk\\\\\\b\\\\000\0\eng\c
=015  \\$aGBB644057$2bnb
=016  7\$a017792514$2Uk
=020  \\$qpaperback
=035  \\$a(WlAbNL)99636019002419
=040  \\$aStEdALDL$beng$cStEdALDL$dWlAbNL$erda
=042  \\$aukscp
=100  1\$aFitjar, Rune Dahl,$eauthor.
=245  10$aNothing is in the air /$cRune Dahl Fitjar and Andrés Rodríguez-Pose.
=264  \1$aLondon :$bCentre for Economic Policy Research,$cJanuary 2016.
=300  \\$a26 pages ;$c21 cm
=336  \\$atext$btxt$2rdacontent
=337  \\$aunmediated$bn$2rdamedia
=338  \\$avolume$bnc$2rdacarrier
=500  \\$a"Submitted 11 January 2016."
=504  \\$aIncludes bibliographical references (pages 16-19).
=520  \\$aIt has often been argued that 'there is something in the air' which makes firms in high-density environments -- such as cities or clusters -- more innovative. The co-location of firms facilitates the emergence of serendipity and casual encounters which promote innovation in firms. We assess this hypothesis using data from a survey of Norwegian firms engaged in innovation partnerships. The results indicate that there may be 'much less in the air' than is generally assumed in the literature. The relationships conducive to innovation by Norwegian firms emerged as a consequence of purpose-built searches and had little to do with chance, serendipity, or 'being there'.
=650  \0$aTechnological innovations$xEconomic aspects.
=650  \0$aDiffusion of innovations$xEconomic aspects.
=650  \0$aIndustrial location$xEconomic aspects.
=650  \0$aBusiness networks$xEconometric models.
=650  \0$aRegional economics.
=650  \0$aEconomic geography.
=700  1\$aRodríguez-Pose, Andrés,$eauthor.
=710  2\$aCentre for Economic Policy Research (Great Britain),$eissuing body.
=830  \0$aDiscussion paper (Centre for Economic Policy Research (Great Britain)) ;$vno. 11067.
=852  41$aBritish Library$bHMNTS$jYK.2018.a.999
=856  40$uhttp://www.cepr.org/active/publications/discussion_papers/dp.php?dpno=11067
=985  \\$aAwaiting NetCat DDC
=985  \\$aLDLSCP record - no ISBN match on import to BLL01
=CAT  \\$aBATCH-LDLN$b00$c20160404$lBLL01$h2125
=CAT  \\$aBATCH-UPD$b00$c20160404$lBLL01$h2126
=CAT  \\$aBATCH-016$c20170405$lBLL01$h2148
=CAT  \\$a10999$b40$c20180221$lBLL01$h0906
=FMT  \\$a  BK
=LAS  \\$a10999$b40$c20180221$lBLL01$h0906

