=LDR  03001 am a2200457 i 4500
=001  017792515
=003  Uk
=005  20180213141523.0
=008  160307s2016\\\\enk\\\\\\b\\\\000\0\eng\c
=015  \\$aGBB644058$2bnb
=016  7\$a017792515$2Uk
=020  \\$qpaperback
=035  \\$a(WlAbNL)99636019602419
=040  \\$aStEdNL$beng$cStEdNL$dWlAbNL$erda
=042  \\$aukscp
=100  1\$aAshraf, Nava,$eauthor.
=245  10$aInfrastructure, incentives and institutions /$cNava Ashraf, Edward L. Glaeser and Giacomo A.M. Ponzetto.
=264  \1$aLondon :$bCentre for Economic Policy Research,$cJanuary 2016.
=300  \\$a24 pages ;$c21 cm
=336  \\$atext$btxt$2rdacontent
=337  \\$aunmediated$bn$2rdamedia
=338  \\$avolume$bnc$2rdacarrier
=500  \\$a"Submitted 14 January 2016."
=504  \\$aIncludes bibliographical references (pages 19-21).
=520  \\$aCities generate negative, as well as positive, externalities; addressing those externalities requires both infrastructure and institutions. Providing clean water and removing refuse requires water and sewer pipes, but the urban poor are often unwilling to pay for the costs of that piping. Standard welfare economics teaches us that either subsidies or Pigouvian fines can solve that problem, but both solution are problematic when institutions are weak. Subsidies lead to waste and corruption; fines lead to extortion of the innocent. Zambia has attempted to solve its problem with subsidies alone, but the subsidies have been too small to solve the "last-mile problem" and so most poor households remain unconnected to the water and sewer system. In nineteenth-century New York, subsidies also proved insufficient and were largely replaced by a penalty-based system. We present a model that illustrates the complementarity between infrastructure and institutions and provides conditions for whether fines, subsidies or a combination of both are the optimal response. One point of the model is that the optimal fine is often not a draconian penalty, but a mild charge that is small enough to avoid extortion.
=650  \0$aInfrastructure (Economics)$xFinance$xEconometric models.
=650  \0$aUrban economics.
=700  1\$aGlaeser, Edward L.$q(Edward Ludwig),$d1967-$eauthor.
=700  1\$aPonzetto, Giacomo A. M.,$eauthor.
=710  2\$aCentre for Economic Policy Research (Great Britain),$eissuing body.
=830  \0$aDiscussion paper (Centre for Economic Policy Research (Great Britain)) ;$vno. 11072.
=852  41$aBritish Library$bHMNTS$jYKL.2018.a.2183
=856  40$uhttp://www.cepr.org/active/publications/discussion_papers/dp.php?dpno=11072
=985  \\$aAwaiting NetCat DDC
=985  \\$aLDLSCP record - no ISBN match on import to BLL01
=CAT  \\$aBATCH-LDLN$b00$c20160404$lBLL01$h2125
=CAT  \\$aBATCH-UPD$b00$c20160404$lBLL01$h2126
=CAT  \\$aBATCH-016$c20170405$lBLL01$h2148
=CAT  \\$a7359$b40$c20180213$lBLL01$h1415
=FMT  \\$a  BK
=LAS  \\$a7359$b40$c20180213$lBLL01$h1415

