=LDR  02830 am a2200469 i 4500
=001  017792516
=003  Uk
=005  20180213140034.0
=008  160219s2016\\\\enka\\\\\b\\\\000\0\eng\c
=015  \\$aGBB644059$2bnb
=016  7\$a017792516$2Uk
=020  \\$qpaperback
=035  \\$a(WlAbNL)99636020302419
=040  \\$aStEdALDL$beng$cStEdALDL$dWlAbNL$erda
=042  \\$aukscp
=100  1\$aDicks, David L.,$eauthor.
=245  10$aInnovation waves, investor sentiment, and mergers /$cDavid Dicks and Paolo Fulghieri.
=264  \1$aLondon :$bCentre for Economic Policy Research,$cJanuary 2016.
=300  \\$a36 pages :$billustrations (black and white) ;$c21 cm
=336  \\$atext$btxt$2rdacontent
=337  \\$aunmediated$bn$2rdamedia
=338  \\$avolume$bnc$2rdacarrier
=500  \\$aSubmitted 20 January 2016.
=504  \\$aIncludes bibliographical references (pages 29-32).
=520  \\$aWe develop a theory of innovation waves, investor sentiment, and merger activity based on uncertainty aversion. Investors must typically decide whether or not to fund an innovative project with very limited knowledge of the odds of success, a situation that is best described as "Knightian uncertainty." We show that uncertainty-averse investors are more optimistic on an innovation if they can also make contemporaneous investments in other innovative ventures. This means that uncertainty aversion makes investment in innovative projects strategic complements, which results in innovation waves. We also show that innovation waves may be sparked by favorable technological shocks in one sector, and then spill over to other contiguous sectors. Thus, innovation waves ripple through the economy amid strong investor sentiment. Finally, we argue that an active M&A market promotes innovative activity and leads to greater innovation rates and firm valuations.
=650  \0$aAmbiguity$xEconomic aspects.
=650  \0$aTechnological innovations$xEconomic aspects.
=650  \0$aConsolidation and merger of corporations$xEconomic aspects.
=650  \0$aPortfolio management$xEconometric models.
=700  1\$aFulghieri, Paolo,$eauthor.
=710  2\$aCentre for Economic Policy Research (Great Britain),$eissuing body.
=830  \0$aDiscussion paper (Centre for Economic Policy Research (Great Britain)) ;$vno. 11082.
=852  41$aBritish Library$bHMNTS$jYKL.2018.a.2175
=856  40$uhttp://www.cepr.org/active/publications/discussion_papers/dp.php?dpno=11082
=985  \\$aAwaiting NetCat DDC
=985  \\$aLDLSCP record - no ISBN match on import to BLL01
=CAT  \\$aBATCH-LDLN$b00$c20160404$lBLL01$h2125
=CAT  \\$aBATCH-UPD$b00$c20160404$lBLL01$h2126
=CAT  \\$aBATCH-016$c20170405$lBLL01$h2148
=CAT  \\$a7359$b40$c20180213$lBLL01$h1400
=FMT  \\$a  BK
=LAS  \\$a7359$b40$c20180213$lBLL01$h1400

