=LDR  02614 am a2200493 i 4500
=001  017792524
=003  Uk
=005  20180213143323.0
=008  160318s2016\\\\enk\\\\\\b\\\\000\0\eng\c
=015  \\$aGBB644067$2bnb
=016  7\$a017792524$2Uk
=020  \\$qpaperback
=035  \\$a(WlAbNL)99636327702419
=040  \\$aUk$beng$cUk$dWlAbNL$erda
=042  \\$aukscp
=100  1\$aDahlquist, Magnus,$eauthor.
=245  10$aOn the asset allocation of a default pension fund /$cMagnus Dahlquist, Ofer Setty and Roine Vestman.
=264  \1$aLondon :$bCentre for Economic Policy Research,$c2016.
=300  \\$a51 pages ;$c21 cm
=336  \\$atext$btxt$2rdacontent
=337  \\$aunmediated$bn$2rdamedia
=338  \\$avolume$bnc$2rdacarrier
=500  \\$a"Submitted 11 January 2016."
=504  \\$aIncludes bibliographical references (pages 38-41).
=520  \\$aWe characterize the optimal default fund in a defined contribution (DC) pension plan. Using detailed data on individuals and their holdings inside and outside the pension system, we find substantial heterogeneity among default investors in terms of labor income, financial wealth, and stock market participation. We build a life-cycle consumption-savings model incorporating a DC pension account and realistic investor heterogeneity. We examine the optimal asset allocation for different realized equity returns and investors and compare it with age-based investing. The optimal asset allocation leads to less inequality in pensions while it moderates the risks through active rebalancing.
=650  \0$aAsset allocation$xEconometric models.
=650  \0$aDefined contribution pension plans$xEconometric models.
=650  \0$aPension trusts$xEconometric models.
=650  \0$aPortfolio management$xEconometric models.
=700  1\$aSetty, Ofer,$eauthor.
=700  1\$aVestman, Roine,$eauthor.
=710  2\$aCentre for Economic Policy Research (Great Britain),$eissuing body.
=830  \0$aDiscussion paper (Centre for Economic Policy Research (Great Britain)) ;$vno. 11052.
=852  41$aBritish Library$bHMNTS$jYKL.2018.a.2197
=856  40$uhttp://www.cepr.org/active/publications/discussion_papers/dp.php?dpno=11052
=985  \\$aAwaiting NetCat DDC
=985  \\$aLDLSCP record - no ISBN match on import to BLL01
=CAT  \\$aBATCH-LDLN$b00$c20160404$lBLL01$h2125
=CAT  \\$aBATCH-UPD$b00$c20160404$lBLL01$h2126
=CAT  \\$aBATCH-016$c20170405$lBLL01$h2148
=CAT  \\$a7359$b40$c20180213$lBLL01$h1433
=CAT  \\$aBATCH-UPD$b40$c20181107$lBLL01$h1438
=FMT  \\$a  BK
=LAS  \\$aBATCH-UPD$b40$c20181107$lBLL01$h1438

