=LDR  02904 am a2200469 i 4500
=001  017792525
=003  Uk
=005  20180221091041.0
=008  160219s2016\\\\enka\\\\\b\\\\000\0\eng\c
=015  \\$aGBB644068$2bnb
=016  7\$a017792525$2Uk
=020  \\$qpaperback
=035  \\$a(WlAbNL)99636336202419
=040  \\$aStEdALDL$beng$cStEdALDL$dWlAbNL$erda
=042  \\$aukscp
=100  1\$aHagedorn, Marcus,$d1973-$eauthor.
=245  10$aImpact of unemployment benefit extensions on employment :$bThe 2014 employment miracle /$cMarcus Hagedorn, Iourii Manovskii and Kurt Mitman.
=264  \1$aLondon :$bCentre for Economic Policy Research,$cJanuary 2016.
=300  \\$a46 pages :$billustrations (black and white) ;$c21 cm
=336  \\$atext$btxt$2rdacontent
=336  \\$astill image$bsti$2rdacontent
=337  \\$aunmediated$bn$2rdamedia
=338  \\$avolume$bnc$2rdacarrier
=500  \\$a"Submitted 14 January 2016".
=504  \\$aIncludes bibliographical references (pages 39-40).
=520  \\$aWe measure the effect of unemployment benefit duration on employment. We exploit the variation induced by the decision of Congress in December 2013 not to reauthorize the unprecedented benefit extensions introduced during the Great Recession. Federal benefit extensions that ranged from 0 to 47 weeks across U.S. states at the beginning of December 2013 were abruptly cut to zero. To achieve identification we use the fact that this policy change was exogenous to cross-sectional differences across U.S. states and we exploit a policy discontinuity at state borders. We find that a 1% drop in benefit duration leads to a statistically significant increase of employment by 0.0161 log points. In levels, 1.8 million additional jobs were created in 2014 due to the benefit cut. Almost 1 million of these jobs were filled by workers from out of the labor force who would not have participated in the labor market had benefit extensions been reauthorized.
=650  \0$aUnemployment insurance$zUnited States$y21st century$xEconometric models.
=650  \0$aUnemployment$zUnited States$y21st century$xEconometric models.
=700  1\$aManovskii, Iourii,$eauthor.
=700  1\$aMitman, Kurt E.,$eauthor.
=710  2\$aCentre for Economic Policy Research (Great Britain),$eissuing body.
=830  \0$aDiscussion paper (Centre for Economic Policy Research (Great Britain)) ;$vno. 11060.
=852  41$aBritish Library$bHMNTS$jYK.2018.a.1002
=856  40$uhttp://www.cepr.org/active/publications/discussion_papers/dp.php?dpno=11060
=985  \\$aAwaiting NetCat DDC
=985  \\$aLDLSCP record - no ISBN match on import to BLL01
=CAT  \\$aBATCH-LDLN$b00$c20160404$lBLL01$h2125
=CAT  \\$aBATCH-UPD$b00$c20160404$lBLL01$h2126
=CAT  \\$aBATCH-016$c20170405$lBLL01$h2148
=CAT  \\$a10999$b40$c20180221$lBLL01$h0910
=FMT  \\$a  BK
=LAS  \\$a10999$b40$c20180221$lBLL01$h0910

