=LDR  03279 am a2200481 i 4500
=001  017792529
=003  Uk
=005  20180213142440.0
=008  160318s2016\\\\enka\\\\\b\\\\000\0\eng\c
=015  \\$aGBB644072$2bnb
=016  7\$a017792529$2Uk
=020  \\$qpaperback
=035  \\$a(WlAbNL)99636814402419
=040  \\$aUk$beng$cUk$dWlAbNL$erda
=042  \\$aukscp
=100  1\$aCecchetti, Stephen G.$q(Stephen Giovanni),$eauthor.
=245  10$aIs there macroprudential policy without international cooperation? /$cStephen G. Cecchetti and Paul M. W. Tucker.
=264  \1$aLondon :$bCentre for Economic Policy Research,$cJanuary 2016.
=300  \\$a24 pages :$billustrations (black and white) ;$c21 cm
=336  \\$atext$btxt$2rdacontent
=336  \\$astill image$bsti$2rdacontent
=337  \\$aunmediated$bn$2rdamedia
=338  \\$avolume$bnc$2rdacarrier
=500  \\$a"Submitted 10 January 2016."
=504  \\$aIncludes bibliographical references (pages 23-24).
=520  \\$aIn this paper we address three questions: (1) Does global finance require a common prudential standard? (2) Does global finance require international cooperation in overseeing the system's safety and soundness? And (3), does global finance require notification, cooperation and coordination of dynamic regulatory-policy adjustments? Our answer to the first question is that global finance does require a common prudential standard, defined as a level of required resilience, applied appropriately to all parts of the financial system. Without adoption of a common resilience standard, the international financial system will fragment and balkanize. In addressing the second question, we explain why shared, collective analysis is necessary to identify and mitigate stability-threatening shortfalls against that standard for resilience. This will be possible only with increased public and private transparency. Finally, we examine the daunting, but essential, task of implementing a dynamic prudential framework that maintains the system's resilience even as its structure and risk-taking behaviors change. The policy implications of our analysis focus on the need for global agreement, implementation monitoring, information sharing and even, sometimes given damaging spillovers, collective regulatory responses to emerging threats. Institutions will need to be adapted to make all this feasible.
=650  \0$aMonetary policy.
=650  \0$aFiscal policy.
=650  \0$aInternational finance.
=650  \0$aInternational economic relations.
=700  1\$aTucker, Paul M. W.,$d1958-$eauthor.
=710  2\$aCentre for Economic Policy Research (Great Britain),$eissuing body.
=830  \0$aDiscussion paper (Centre for Economic Policy Research (Great Britain)) ;$vno. 11042.
=852  41$aBritish Library$bHMNTS$jYKL.2018.a.2188
=856  40$uhttp://www.cepr.org/active/publications/discussion_papers/dp.php?dpno=11042
=985  \\$aAwaiting NetCat DDC
=985  \\$aLDLSCP record - no ISBN match on import to BLL01
=CAT  \\$aBATCH-LDLN$b00$c20160404$lBLL01$h2125
=CAT  \\$aBATCH-UPD$b00$c20160404$lBLL01$h2126
=CAT  \\$aBATCH-016$c20170405$lBLL01$h2148
=CAT  \\$a7359$b40$c20180213$lBLL01$h1424
=FMT  \\$a  BK
=LAS  \\$a7359$b40$c20180213$lBLL01$h1424

