=LDR  03057aam a2200541 i 4500
=001  017792551
=003  Uk
=005  20161013160704.0
=008  150319s2015\\\\enka\\\\\b\\\\000\0\eng\c
=015  \\$aGBB644094$2bnb
=016  7\$a017792551$2Uk
=020  \\$qpaperback
=035  \\$a(WlAbNL)99382427602419
=040  \\$aStEdALDL$beng$cStEdALDL$dWlAbNL$dUk$erda
=042  \\$aukscp
=082  04$a658.8342015195$223
=100  1\$aNeto, Áureo Nilo de Paula,$d1975-$eauthor.
=245  10$aHoard behavior during commodity bubbles /$cÁureo de Paula, Harrison G. Hong and Vishal Singh.
=264  \1$aLondon :$bCentre for Economic Policy Research,$cFebruary 2015.
=300  \\$a50 pages :$billustrations ;$c21 cm
=336  \\$atext$btxt$2rdacontent
=336  \\$astill image$bsti$2rdacontent
=337  \\$aunmediated$bn$2rdamedia
=338  \\$avolume$bnc$2rdacarrier
=500  \\$a"Submitted 11 February 2015."
=504  \\$aIncludes bibliographical references (pages 29-31).
=520  \\$aHoarding by large speculators is often blamed for contributing to commodity market panics and bubbles. Using supermarket scanner data on US household purchases during the 2008 Rice Bubble, we show that hoarding is in fact more systemic, affecting even households who have no resale motive. Export bans led to a spike in prices worldwide in the first half of 2008, which spilled over into US markets. Anticipating shortages, US households with previous purchases of rice, especially those of Asian ethnicity, nearly doubled their buying around the peak of the bubble. We document transmission mechanisms through over-extrapolation from high prices and contagion, as many households bought rice for the first and last time during the bubble.
=588  \\$aDescription based on online resource; title from http://www.cepr.org/active/publications/discussion_papers/dp.php?dpno=10441 viewed February 24, 2015.
=650  \0$aRice$xPrices$xEconometric models.
=650  \0$aFood industry and trade$xEconometric models.
=650  \0$aConsumer behavior$xEconometric models.
=690  7\$aManagement and Business Studies$2blcoll
=700  1\$aHong, Harrison G.$q(Harrison Gregory),$eauthor.
=700  1\$aSingh, Vishal$c(College teacher),$eauthor.
=710  2\$aCentre for Economic Policy Research (Great Britain),$eissuing body.
=830  \0$aDiscussion paper (Centre for Economic Policy Research (Great Britain)).$pIndustrial organization ;$vno. 10441.
=852  41$aBritish Library$bHMNTS$jYK.2016.a.3518
=856  40$uhttp://www.cepr.org/active/publications/discussion_papers/dp.php?dpno=10441
=985  \\$aLDLSCP record - no ISBN match on import to BLL01
=CAT  \\$aBATCH-LDLN$b00$c20160404$lBLL01$h2125
=CAT  \\$aBATCH-UPD$b00$c20160404$lBLL01$h2126
=CAT  \\$a7732$b40$c20160913$lBLL01$h1621
=CAT  \\$aBATCH-016$c20160914$lBLL01$h2147
=CAT  \\$a5751$b40$c20161013$lBLL01$h1607
=CAT  \\$aBATCH-MBS$c20161021$lBLL01$h2111
=FIN  \\$aY$d20161013
=FMT  \\$a  BK
=LAS  \\$aBATCH-MBS$b00$c20161021$lBLL01$h2111

