=LDR  02553 am a2200469 i 4500
=001  017801962
=003  Uk
=005  20180220140829.0
=008  160322s2016\\\\enka\\\\\b\\\\000\0\eng\c
=015  \\$aGBB650586$2bnb
=016  7\$a017801962$2Uk
=020  \\$qpaperback
=035  \\$a(WlAbNL)99637443102419
=040  \\$aStEdALDL$beng$cStEdALDL$dWlAbNL$erda
=042  \\$aukscp
=100  1\$aNeary, J. Peter,$eauthor.
=245  10$aNot so demanding :$bdemand structure and firm behavior /$cJ. Peter Neary and Monika Mrazova.
=264  \1$aLondon :$bCentre for Economic Policy Research,$c19 February 2016.
=300  \\$a58 pages :$billustrations (black and white) ;$c21 cm
=336  \\$atext$btxt$2rdacontent
=336  \\$astill image$bsti$2rdacontent
=337  \\$aunmediated$bn$2rdamedia
=338  \\$avolume$bnc$2rdacarrier
=500  \\$a"Submitted 19 February 2016."
=500  \\$aAuthors listed on HTML article page as Monika Mrazova, J. Peter Neary.
=504  \\$aIncludes bibliographical references (pages 54-58).
=520  \\$aWe show that any well-behaved demand function can be represented by its demand manifold, a smooth curve which relates the elasticity and convexity of demand. This manifold is a sufficient statistic for many comparative statics questions; leads naturally to characterizations of new families of demand functions which nest most of those used in applied economics; and connects assumptions about demand structure with firm behavior and economic performance. In particular, we show that the demand manifold leads to new insights about industry adjustment with heterogeneous firms, and provides a quantitative framework for measuring the effects of globalization.
=650  \0$aInternational trade$xEconometric models.
=650  \0$aDemand (Economic theory)$xEconometric models.
=700  1\$aMrazova, Monika,$eauthor.
=710  2\$aCentre for Economic Policy Research (Great Britain),$eissuing body.
=830  \0$aDiscussion paper (Centre for Economic Policy Research (Great Britain)) ;$vno. 11119.
=852  41$aBritish Library$bHMNTS$jYK.2018.a.961
=856  40$uhttp://www.cepr.org/active/publications/discussion_papers/dp.php?dpno=11119
=985  \\$aAwaiting NetCat DDC
=985  \\$aLDLSCP record - no ISBN match on import to BLL01
=CAT  \\$aBATCH-LDLN$b00$c20160411$lBLL01$h2119
=CAT  \\$aBATCH-UPD$b00$c20160411$lBLL01$h2120
=CAT  \\$aWR16_021$c20160720$lBLL01$h1717
=CAT  \\$a10999$b40$c20180220$lBLL01$h1408
=FMT  \\$a  BK
=LAS  \\$a10999$b40$c20180220$lBLL01$h1408

