=LDR  02877 am a2200517 i 4500
=001  017832363
=003  Uk
=005  20180221084552.0
=008  160322s2016\\\\enka\\\\\b\\\\000\0\eng\c
=015  \\$aGBB659735$2bnb
=016  7\$a017832363$2Uk
=020  \\$qpaperback
=035  \\$a(WlAbNL)99637443702419
=040  \\$aStEdALDL$beng$cStEdALDL$dWlAbNL$erda
=042  \\$aukscp
=100  10$aAaronson, Daniel,$eauthor.
=245  10$aIndustry dynamics and the minimum wage :$ba putty-clay approach /$cDaniel Aaronson, Eric French and Isaac Sorkin.
=264  \1$aLondon :$bCentre for Economic Policy Research,$cFebruary 2016.
=300  \\$a47 pages :$billustrations (black and white) ;$c21 cm.
=336  \\$atext$btxt$2rdacontent
=336  \\$astill image$bsti$2rdacontent
=337  \\$aunmediated$bn$2rdamedia
=338  \\$avolume$bnc$2rdacarrier
=490  1\$aDiscussion paper series,$x0265-8003$aLabour economics$aPublic economics ;$vno. 11097
=500  \\$a"Submitted 29 January 2016."
=504  \\$aIncludes bibliographical references (pages 32-34).
=520  \\$aWe document three new findings about the industry-level response to minimum wage hikes. First, restaurant exit and entry both rise following a hike. Second, the rise in entry and exit is concentrated in chains. Third, there is no change in employment among continuing restaurants. We develop a model of industry dynamics based on putty-clay technology and show that it is consistent with these findings. In the model, continuing restaurants cannot change employment, and thus industry-level adjustment occurs through exit of labor-intensive restaurants and entry of capital-intensive ones. We show these three findings are inconsistent with other models of industry dynamics.
=650  \0$aMinimum wage$xEconomic aspects$xEconometric models.
=650  \0$aEmployment (Economic theory)$xEconometric models.
=650  \0$aIndustrial organization (Economic theory)$xEconometric models.
=650  \0$aProduction functions (Economic theory)$xEconometric models.
=700  1\$aFrench, Eric$q(Eric Baird),$eauthor.
=700  1\$aSorkin, Isaac,$eauthor.
=710  2\$aCentre for Economic Policy Research (Great Britain),$eissuing body.
=830  \0$aDiscussion paper (Centre for Economic Policy Research (Great Britain)) ;$vno. 11097.
=852  41$aBritish Library$bHMNTS$jYK.2018.a.989
=856  40$uhttp://www.cepr.org/active/publications/discussion_papers/dp.php?dpno=11097
=985  \\$aAwaiting NetCat DDC
=985  \\$aLDLSCP record - no ISBN match on import to BLL01
=CAT  \\$aBATCH-LDLN$b00$c20160502$lBLL01$h2111
=CAT  \\$aBATCH-UPD$b00$c20160502$lBLL01$h2111
=CAT  \\$aBATCH-UPD$b00$c20160502$lBLL01$h2112
=CAT  \\$aBATCH-016$c20170426$lBLL01$h2157
=CAT  \\$a10999$b40$c20180221$lBLL01$h0845
=FMT  \\$a  BK
=LAS  \\$a10999$b40$c20180221$lBLL01$h0845

