=LDR  02664 am a2200481 i 4500
=001  017832366
=003  Uk
=005  20180220134538.0
=008  160322s2016\\\\enka\\\\\b\\\\000\0\eng\c
=015  \\$aGBB659738$2bnb
=016  7\$a017832366$2Uk
=020  \\$qpaperback
=035  \\$a(WlAbNL)99636931702419
=040  \\$aStEdALDL$beng$cStEdALDL$dWlAbNL$erda
=042  \\$aukscp
=100  1\$aAbbring, Jaap H.,$eauthor.
=245  10$aIdentifying the discount factor in dynamic discrete choice models /$cJaap H Abbring and Øystein Daljord.
=264  \1$aLondon :$bCentre for Economic Policy Research,$c24 February 2016.
=300  \\$a19 pages :$billustrations (black and white) ;$c21 cm.
=336  \\$atext$btxt$2rdacontent
=336  \\$astill image$bsti$2rdacontent
=337  \\$aunmediated$bn$2rdamedia
=338  \\$avolume$bnc$2rdacarrier
=490  1\$aDiscussion paper series,$x0265-8003$aIndustrial organization ;$vno. 11133
=500  \\$a"Submitted 24 February 2016."
=504  \\$aIncludes bibliographical references (page 16).
=520  \\$aThe identification of the discount factor in dynamic discrete models is important for counterfactual analysis, but hard. Existing approaches either take the discount factor to be known or rely on high level exclusion restrictions that are difficult to interpret and hard to satisfy in applications, in particular in industrial organization. We provide identification results under an exclusion restriction on primitive utility that is more directly useful to applied researchers. We also show that our and existing exclusion restrictions limit the choice and state transition probability data in different ways; that is, they give the model nontrivial and distinct empirical content.
=650  \0$aDecision making$xEconometric models.
=650  \0$aIndustrial organization (Economic theory)$xEconometric models.
=700  1\$aDaljord, Øystein,$eauthor.
=710  2\$aCentre for Economic Policy Research (Great Britain),$eissuing body.
=830  \0$aDiscussion paper (Centre for Economic Policy Research (Great Britain)) ;$vno. 11133.
=852  41$aBritish Library$bHMNTS$jYK.2018.a.951
=856  40$uhttp://www.cepr.org/active/publications/discussion_papers/dp.php?dpno=11133
=985  \\$aAwaiting NetCat DDC
=985  \\$aLDLSCP record - no ISBN match on import to BLL01
=CAT  \\$aBATCH-LDLN$b00$c20160502$lBLL01$h2111
=CAT  \\$aBATCH-UPD$b00$c20160502$lBLL01$h2111
=CAT  \\$aBATCH-016$c20170426$lBLL01$h2157
=CAT  \\$a10999$b40$c20180220$lBLL01$h1345
=CAT  \\$aBATCH-UPD$b40$c20200901$lBLL01$h2127
=FMT  \\$a  BK
=LAS  \\$aBATCH-UPD$b40$c20200901$lBLL01$h2127

