=LDR  02636 am a2200457 i 4500
=001  017832374
=003  Uk
=005  20180221085041.0
=008  160323s2016\\\\enk\\\\\\b\\\\000\0\eng\c
=015  \\$aGBB659746$2bnb
=016  7\$a017832374$2Uk
=020  \\$qpaperback
=035  \\$a(WlAbNL)99636931902419
=040  \\$aStEdALDL$beng$cStEdALDL$dWlAbNL$erda
=042  \\$aukscp
=100  1\$aGrüner, Hans-Peter,$eauthor.
=245  10$aOptimal voting mechanisms with costly participation and abstention /$cHans Peter Grüner and Thomas Tröger.
=264  \1$aLondon :$bCentre for Economic Policy Research,$cFebruary 2016.
=300  \\$a70 pages ;$c21 cm.
=336  \\$atext$btxt$2rdacontent
=337  \\$aunmediated$bn$2rdamedia
=338  \\$avolume$bnc$2rdacarrier
=490  1\$aDiscussion paper series,$x0265-8003$aPublic economics ;$vno. 11127
=500  \\$a"Submitted 21 February 2016."
=504  \\$aIncludes bibliographical references (pages 68-70).
=520  \\$aHow should a society choose between two social alternatives when valuations are private, monetary transfers are not feasible, and participation in the decision process is costly? We show that it is always socially optimal to use a linear voting rule: votes get alternative-dependent weights, and a default obtains if the weighted sum of votes stays below some threshold. A participation or approval quorum rule can be optimal only if one side of the electorate abstains. In the case of small participation costs, we characterize the equilibria of linear voting rules and solve for welfare-maximizing rules. Voluntary voting always dominates compulsory voting. If (and only if) the heterogeneity of preference intensities across the electorate is small, in the optimum essentially only one side of the electorate participates.
=650  \0$aDecision making$xEconometric models.
=650  \0$aVoting$xEconometric models.
=700  1\$aTröger, Thomas,$eauthor.
=710  2\$aCentre for Economic Policy Research (Great Britain),$eissuing body.
=830  \0$aDiscussion paper (Centre for Economic Policy Research (Great Britain)) ;$vno. 11127.
=852  41$aBritish Library$bHMNTS$jYK.2018.a.992
=856  40$uhttp://www.cepr.org/active/publications/discussion_papers/dp.php?dpno=11127
=985  \\$aAwaiting NetCat DDC
=985  \\$aLDLSCP record - no ISBN match on import to BLL01
=CAT  \\$aBATCH-LDLN$b00$c20160502$lBLL01$h2111
=CAT  \\$aBATCH-UPD$b00$c20160502$lBLL01$h2111
=CAT  \\$aBATCH-016$c20170426$lBLL01$h2157
=CAT  \\$a10999$b40$c20180221$lBLL01$h0850
=FMT  \\$a  BK
=LAS  \\$a10999$b40$c20180221$lBLL01$h0850

