=LDR  03025 am a2200481 i 4500
=001  017832421
=003  Uk
=005  20180220142329.0
=008  160323s2016\\\\enka\\\\\\\b\\000\0\eng\c
=015  \\$aGBB659793$2bnb
=016  7\$a017832421$2Uk
=020  \\$qpaperback
=035  \\$a(WlAbNL)99636931502419
=040  \\$aStEdALDL$beng$cStEdALDL$dUkOxU$dWlAbNL$erda
=042  \\$aukscp
=100  1\$aKilian, Lutz,$eauthor.
=245  14$aThe impact of the fracking boom on Arab oil producers /$cLutz Kilian.
=264  \1$aLondon :$bCentre for Economic Policy Research,$cFebruary 2016.
=300  \\$a38 pages :$billustrations (black and white) ;$c21 cm.
=336  \\$atext$btxt$2rdacontent
=336  \\$astill image$bsti$2rdacontent
=337  \\$aunmediated$bn$2rdamedia
=338  \\$avolume$bnc$2rdacarrier
=490  1\$aDiscussion paper series,$x0265-8003$aInternational macroeconomics and finance ;$vno. 11107
=500  \\$a"Submitted 07 February 2016."
=504  \\$aIncludes bibliographical references (pages 20-21).
=520  \\$aThis article contributes to the debate about the impact of the U.S. fracking boom on U.S. oil imports, on Arab oil exports, and on the global price of crude oil. First, I investigate the extent to which this oil boom has caused Arab oil exports to the United States to decline since late 2008. Second, I examine to what extent increased U.S. exports of refined products made from domestically produced crude oil have caused Arab oil exports to the rest of the world to decline. Third, the article quantifies by how much increased U.S. tight oil production has lowered the global price of oil. Using a novel econometric methodology, it is shown that in mid-2014, for example, the Brent price of crude oil was lower by {dollar}10 than it would have been in the absence of the fracking boom. I find no evidence that fracking was a major cause of the {dollar}64 decline in the Brent price of oil from July 2014 to January 2015, however. Fourth, I provide evidence that the decline in Saudi foreign exchange reserves between mid-2014 and August 2015 would have been reduced by 27 percent in the absence of the fracking boom.
=650  \0$aPetroleum products$xPrices.
=650  \0$aPetroleum industry and trade.
=650  \0$aExports$zArab countries.
=650  \0$aHydraulic fracturing$xEconomic aspects.
=710  2\$aCentre for Economic Policy Research (Great Britain),$eissuing body.
=830  \0$aDiscussion paper (Centre for Economic Policy Research (Great Britain)) ;$vno. 11107.
=852  41$aBritish Library$bHMNTS$jYK.2018.a.971
=856  40$uhttp://www.cepr.org/active/publications/discussion_papers/dp.php?dpno=11107
=985  \\$aAwaiting NetCat DDC
=985  \\$aLDLSCP record - no ISBN match on import to BLL01
=CAT  \\$aBATCH-LDLN$b00$c20160502$lBLL01$h2111
=CAT  \\$aBATCH-UPD$b00$c20160502$lBLL01$h2112
=CAT  \\$aBATCH-016$c20170426$lBLL01$h2157
=CAT  \\$a10999$b40$c20180220$lBLL01$h1423
=FMT  \\$a  BK
=LAS  \\$a10999$b40$c20180220$lBLL01$h1423

