=LDR  02702 am a2200481 i 4500
=001  017832422
=003  Uk
=005  20180220134741.0
=008  160322s2016\\\\enk\\\\\\b\\\\000\0\eng\c
=015  \\$aGBB659794$2bnb
=016  7\$a017832422$2Uk
=020  \\$qpaperback
=035  \\$a(WlAbNL)99636933302419
=040  \\$aStEdALDL$beng$cStEdALDL$dWlAbNL$erda
=042  \\$aukscp
=100  1\$aSnower, Dennis J.,$eauthor.
=245  10$aIdentity-driven cooperation versus competition /$cDennis J. Snower and Steven Bosworth.
=264  \1$aLondon :$bCentre for Economic Policy Research,$c22 February 2016.
=300  \\$a8 pages ;$c21 cm.
=336  \\$atext$btxt$2rdacontent
=337  \\$aunmediated$bn$2rdamedia
=338  \\$avolume$bnc$2rdacarrier
=490  1\$aDiscussion paper series,$x0265-8003$aPublic economics ;$vno. 11130
=500  \\$a"Submitted 22 February 2016."
=500  \\$aAuthors listed on HTML article page as: Steven Bosworth, Dennis J. Snower.
=504  \\$aIncludes bibliographical references (page 8).
=520  \\$aThis paper seeks to extend the domain of identity economics by exploring motivational foundations of in-group cooperation and out-group competition. On this basis, we explore the reflexive interaction between individual economic decisions and social identities in response to technological change in market economies. Our analysis explores how technological change falling on marketable goods and services, rather than nonmarket caring relationships, leads to a restructuring of identities, which increases the scope of individualism and promotes positional competition at the expense of caring activities. Since positional competition generates negative externalities while caring activities create positive ones, these developments have important welfare implications.
=650  \0$aIdentity (Psychology)$xEconomic aspects.
=650  \0$aEconomics$xPsychological aspects.
=650  \0$aEconomics$xSociological aspects.
=700  1\$aBosworth, Steven,$eauthor.
=710  2\$aCentre for Economic Policy Research (Great Britain),$eissuing body.
=830  \0$aDiscussion paper (Centre for Economic Policy Research (Great Britain)) ;$vno. 11130.
=852  41$aBritish Library$bHMNTS$jYK.2018.a.952
=856  40$uhttp://www.cepr.org/active/publications/discussion_papers/dp.php?dpno=11130
=985  \\$aAwaiting NetCat DDC
=985  \\$aLDLSCP record - no ISBN match on import to BLL01
=CAT  \\$aBATCH-LDLN$b00$c20160502$lBLL01$h2111
=CAT  \\$aBATCH-UPD$b00$c20160502$lBLL01$h2112
=CAT  \\$aBATCH-016$c20170426$lBLL01$h2157
=CAT  \\$a10999$b40$c20180220$lBLL01$h1347
=FMT  \\$a  BK
=LAS  \\$a10999$b40$c20180220$lBLL01$h1347

