=LDR  03488 am a2200481 i 4500
=001  017832457
=003  Uk
=005  20180220143238.0
=008  160322s2016\\\\enk\\\\\\b\\\\000\0\eng\c
=015  \\$aGBB659829$2bnb
=016  7\$a017832457$2Uk
=020  \\$qpaperback
=035  \\$a(WlAbNL)99637443602419
=040  \\$aStEdALDL$beng$cStEdALDL$dUkOxU$dWlAbNL$erda
=042  \\$aukscp
=100  1\$aAkbulut-Yuksel, Mevlude,$eauthor.
=245  10$aIntergenerational persistence of health in the U.S. :$bdo immigrants get healthier as they assimilate? /$cMevlude Akbulut-Yuksel and Adriana D. Kugler.
=264  \1$aLondon :$bCentre for Economic Policy Research,$cFebruary 2016.
=300  \\$a24 pages, 7 unnumbered pages ;$c21 cm.
=336  \\$atext$btxt$2rdacontent
=337  \\$aunmediated$bn$2rdamedia
=338  \\$avolume$bnc$2rdacarrier
=490  1\$aDiscussion paper (Centre for Economic Policy Research (Great Britain)),$x0265-8003$aLabour economics ;$vno. 11100
=500  \\$a"Submitted 29 January 2016."
=504  \\$aIncludes bibliographical references (pages 22-24).
=520  \\$aIt is well known that a substantial part of income and education is passed on from parents to children, generating substantial persistence in socio-economic status across generations. In this paper, we examine whether another form of human capital, health, is also largely transmitted from generation to generation, contributing to limited socio-economic mobility. Using data from the NLSY, we first present new evidence on intergenerational transmission of health outcomes in the U.S., including weight, height, the body mass index (BMI), asthma and depression for both natives and immigrants. We show that both native and immigrant children inherit a prominent fraction of their health status from their parents, and that, on average, immigrants experience higher persistence than natives in weight and BMI. We also find that mothers' education decreases children's weight and BMI for natives, while single motherhood increases weight and BMI for both native and immigrant children. Finally, we find that the longer immigrants remain in the U.S., the less intergenerational persistence there is and the more immigrants look like native children. Unfortunately, the more generations immigrant families remain in the U.S., the more children of immigrants resemble natives' higher weights, higher BMI and increased propensity to suffer from asthma.
=650  \0$aImmigrant children$xHealth and hygiene$xEconomic aspects$zUnited States.
=650  \0$aIntergenerational relations$xEconomic aspects$zUnited States.
=650  \0$aAssimilation (Sociology)$xEconomic aspects$zUnited States.
=650  \0$aSocial mobility$xEconomic aspects$zUnited States.
=700  1\$aKugler, Adriana D.,$eauthor.
=710  2\$aCentre for Economic Policy Research (Great Britain),$eissuing body.
=830  \0$aDiscussion paper (Centre for Economic Policy Research (Great Britain)) ;$vno. 11100.
=852  41$aBritish Library$bHMNTS$jYK.2018.a.977
=856  40$uhttp://www.cepr.org/active/publications/discussion_papers/dp.php?dpno=11100
=985  \\$aAwaiting NetCat DDC
=985  \\$aLDLSCP record - no ISBN match on import to BLL01
=CAT  \\$aBATCH-LDLN$b00$c20160502$lBLL01$h2111
=CAT  \\$aBATCH-UPD$b00$c20160502$lBLL01$h2112
=CAT  \\$aBATCH-016$c20170426$lBLL01$h2157
=CAT  \\$a10999$b40$c20180220$lBLL01$h1432
=FMT  \\$a  BK
=LAS  \\$a10999$b40$c20180220$lBLL01$h1432

