=LDR  02876 am a2200493 i 4500
=001  017832458
=003  Uk
=005  20180220142503.0
=008  160323s2016\\\\enkab\\\\b\\\\000\0\eng\c
=015  \\$aGBB659830$2bnb
=016  7\$a017832458$2Uk
=020  \\$qpaperback
=035  \\$a(WlAbNL)99637443802419
=040  \\$aStEdALDL$beng$cStEdALDL$dUkOxU$dWlAbNL$erda
=042  \\$aukscp
=100  1\$aBursztyn, Leonardo,$eauthor.
=245  10$aIdentifying ideology :$bexperimental evidence on anti-Americanism in Pakistan /$cLeonardo Bursztyn [and five others].
=264  \1$aLondon :$bCentre for Economic Policy Research,$cFebruary 2016.
=300  \\$a46, 6 pages, 14 unnumbered pages :$billustrations (black and white), map (black and white) ;$c21 cm.
=336  \\$atext$btxt$2rdacontent
=336  \\$astill image$bsti$2rdacontent
=336  \\$acartographic image$bcri$2rdacontent
=337  \\$aunmediated$bn$2rdamedia
=338  \\$avolume$bnc$2rdacarrier
=490  1\$aDiscussion paper series,$x0265-8003$aDevelopment economics ;$vno. 11106
=500  \\$a"Submitted 03 February 2016."
=504  \\$aIncludes bibliographical references (pages 30-33).
=520  \\$aIdentifying the role of intrinsic, ideological motivation in political behavior is confounded by agents' consequential aims and social concerns. We present results from two experiments that implement a methodology isolating Pakistani men's intrinsic motives for expressing anti-American ideology, in a context with clearly-specified financial costs, but minimal consequential or social considerations. Over one-quarter of subjects forgo around one-fifth of a day's wage to avoid anonymously checking a box indicating gratitude toward the U.S. government, thus revealing anti-Americanism. We find that ideological expression responds to financial and social incentives, and that measured ideology predicts membership in a major anti-American political party.
=650  \0$aAnti-Americanism$zPakistan$xEconometric models.
=650  \0$aIdeology$zPakistan$xEconometric models.
=650  \0$aMotivation (Psychology)$xEconometric models.
=650  \0$aPolitical participation$zPakistan$xEconometric models.
=710  2\$aCentre for Economic Policy Research (Great Britain),$eissuing body.
=830  \0$aDiscussion paper (Centre for Economic Policy Research (Great Britain)) ;$vno. 11106.
=852  41$aBritish Library$bHMNTS$jYK.2018.a.972
=856  40$uhttp://www.cepr.org/active/publications/discussion_papers/dp.php?dpno=11106
=985  \\$aAwaiting NetCat DDC
=985  \\$aLDLSCP record - no ISBN match on import to BLL01
=CAT  \\$aBATCH-LDLN$b00$c20160502$lBLL01$h2111
=CAT  \\$aBATCH-UPD$b00$c20160502$lBLL01$h2112
=CAT  \\$aBATCH-016$c20170426$lBLL01$h2157
=CAT  \\$a10999$b40$c20180220$lBLL01$h1425
=FMT  \\$a  BK
=LAS  \\$a10999$b40$c20180220$lBLL01$h1425

