=LDR  03289 am a2200517ui 4500
=001  017849096
=003  Uk
=005  20171218141815.0
=008  151022s2015\\\\enka\\\\\b\\\\000\0\eng\c
=015  \\$aGBB666255$2bnb
=016  7\$a017849096$2Uk
=020  \\$qpaperback
=035  \\$a(WlAbNL)99619233002419
=040  \\$aStEdALDL$beng$cStEdALDL$dWlAbNL$erda
=042  \\$aukscp
=100  1\$aCoşar, Kerem,$eauthor.
=245  10$aWhat drives home market advantage? /$cKerem Coşar, Paul L. E. Grieco, Shengyu Li and Felix Tintelnot.
=264  \1$aLondon :$bCentre for Economic Policy Research,$cSeptember 2015.
=300  \\$a43 pages :$billustrations (black and white) ;$c21 cm.
=336  \\$atext$btxt$2rdacontent
=336  \\$astill image$bsti$2rdacontent
=337  \\$aunmediated$bn$2rdamedia
=338  \\$avolume$bnc$2rdacarrier
=490  1\$aDiscussion paper (Centre for Economic Policy Research (Great Britain)),$x0265-8003 ;$vno. 10852
=500  \\$a"Submitted 16 September 2015."
=504  \\$aIncludes bibliographical references (pages 41-43).
=520  \\$aIn the automobile industry, as in many tradable goods markets, firms earn their highest market share within their domestic market. This home market advantage persists despite substantial integration of international markets during the past several decades. The goal of this paper is to quantify the supply- and demand-driven sources of the home market advantage and to understand their implications for international trade and investment. Building on the random coefficients demand model developed by Berry, Levinsohn, and Pakes (1995), we estimate demand and supply in the automobile industry for nine countries across three continents, allowing for unobserved taste and cost variation at the car model and market levels. While trade and foreign production costs as well as taste heterogeneity matter for market outcomes, we find that preference for domestic brands is the single most important driver of home market advantage - even after controlling for brand histories and dealer networks.
=650  \0$aInternational trade$xEconometric models.
=650  \0$aAutomobile industry and trade$zUnited States$xEconometric models.
=650  \0$aBrand choice$zUnited States$xEconometric models.
=700  1\$aGrieco, Paul L. E.,$eauthor.
=700  1\$aLi, Shengyu$c(College teacher),$eauthor.
=700  1\$aTintelnot, Felix,$d1983-$eauthor.
=710  2\$aCentre for Economic Policy Research (Great Britain),$eissuing body.
=830  \0$aDiscussion paper (Centre for Economic Policy Research (Great Britain)).$pIndustrial organization ;$vno. 10852.
=830  \0$aDiscussion paper (Centre for Economic Policy Research (Great Britain)).$pInternational trade and regional economics ;$vno. 10852.
=852  41$aBritish Library$bHMNTS$jYK.2017.a.4844
=856  40$uhttp://www.cepr.org/active/publications/discussion_papers/dp.php?dpno=10852
=985  \\$aAwaiting NetCat DDC
=985  \\$aLDLSCP record - no ISBN match on import to BLL01
=CAT  \\$aBATCH-LDLN$b00$c20160516$lBLL01$h2057
=CAT  \\$aBATCH-UPD$b00$c20160516$lBLL01$h2058
=CAT  \\$aBATCH-016$c20170111$lBLL01$h2151
=CAT  \\$a5004$b40$c20171218$lBLL01$h1418
=FMT  \\$a  BK
=LAS  \\$a5004$b40$c20171218$lBLL01$h1418

