=LDR  02794 am a2200493 i 4500
=001  017849103
=003  Uk
=005  20180213141151.0
=008  160219s2016\\\\enka\\\\\b\\\\000\0\eng\c
=015  \\$aGBB666262$2bnb
=016  7\$a017849103$2Uk
=035  \\$a(WlAbNL)99634835902419
=040  \\$aStEdALDL$beng$cStEdALDL$dUkOxU$dWlAbNL$erda
=042  \\$aukscp
=100  1\$aPatterson, Christina,$eauthor.
=245  10$aWorking hard in the wrong place :$ba mismatch-based explanation to the UK productivity puzzle /$cChristina Patterson, Ayşegül Şahin, Giorgio Topa and Giovanni L. Violante.
=264  \1$aLondon :$bCentre for Economic Policy Research,$cJanuary 2016.
=300  \\$a33 pages :$billustrations (black and white) ;$c21 cm.
=336  \\$atext$btxt$2rdacontent
=336  \\$astill image$bsti$2rdacontent
=337  \\$aunmediated$bn$2rdamedia
=338  \\$avolume$bnc$2rdacarrier
=490  1\$aDiscussion paper (Centre for Economic Policy Research (Great Britain)),$x0265-8003$aLabour economics$aMacroeconomics and growth ;$vno. 11055
=500  \\$a"Submitted 13 January 2016."
=504  \\$aIncludes bibliographical references (pages 26-27).
=520  \\$aThe UK experienced an unusually prolonged stagnation in labor productivity in the aftermath of the Great Recession. This paper analyzes the role of sectoral labor misallocation in accounting for this "productivity puzzle." If jobseekers disproportionately search for jobs in sectors where productivity is relatively low, hires are concentrated in the wrong sectors, and the post-recession recovery in aggregate productivity can be slow. Our calculations suggest that, quantified at the level of three-digit occupations, this mechanism can explain up to two thirds of the deviations from trend-growth in UK labor productivity since 2007.
=650  \0$aIndustrial productivity$zGreat Britain.
=650  \0$aLabor supply$zGreat Britain.
=650  \0$aJob hunting$zGreat Britain.
=700  1\$aŞahin, Ayşegül,$d1972-$eauthor.
=700  1\$aTopa, Giorgio,$eauthor.
=700  1\$aViolante, Giovanni L.,$eauthor.
=710  2\$aCentre for Economic Policy Research (Great Britain),$eissuing body.
=830  \0$aDiscussion paper (Centre for Economic Policy Research (Great Britain)) ;$vno. 11055.
=852  41$aBritish Library$bHMNTS$jYKL.2018.a.2181
=856  40$uhttp://www.cepr.org/active/publications/discussion_papers/dp.php?dpno=11055
=985  \\$aAwaiting NetCat DDC
=985  \\$aLDLSCP record - no ISBN match on import to BLL01
=CAT  \\$aBATCH-LDLN$b00$c20160516$lBLL01$h2057
=CAT  \\$aBATCH-UPD$b00$c20160516$lBLL01$h2058
=CAT  \\$aBATCH-016$c20170405$lBLL01$h2148
=CAT  \\$a7359$b40$c20180213$lBLL01$h1411
=FMT  \\$a  BK
=LAS  \\$a7359$b40$c20180213$lBLL01$h1411

