=LDR  03319aam a2200541 i 4500
=001  017855589
=003  Uk
=005  20161011141858.0
=008  150319s2015\\\\enka\\\\\b\\\\000\0\eng\c
=015  \\$aGBB668750$2bnb
=016  7\$a017855589$2Uk
=020  \\$qpaperback
=035  \\$a(WlAbNL)99382402702419
=040  \\$aStEdALDL$beng$cStEdALDL$dWlAbNL$dUk$erda
=042  \\$aukscp
=082  04$a336.205$223
=100  1\$aHeathcote, Jonathan,$eauthor.
=245  10$aOptimal income taxation :$bMirrlees meets Ramsey /$cJonathan Heathcote and Hitoshi Tsujiyama.
=264  \1$aLondon :$bCentre for Economic Policy Research,$cFebruary 2015.
=300  \\$a55 pages :$billustrations (black and white) ;$c21 cm.
=336  \\$atext$btxt$2rdacontent
=336  \\$astill image$bsti$2rdacontent
=337  \\$aunmediated$bn$2rdamedia
=338  \\$avolume$bnc$2rdacarrier
=490  1\$aDiscussion paper series,$x0265-8003 ;$vno. 10380
=500  \\$a"Submitted 23 January 2015."
=504  \\$aIncludes bibliographical references (pages 43-45).
=520  \\$aWhat structure of income taxation maximizes the social benefits of redistribution while minimizing the social harm associated with distorting the allocation of labor input? Many authors have advocated scrapping the current tax system, which redistributes primarily via marginal tax rates that rise with income, and replacing it with a flat tax system, in which marginal tax rates are constant and redistribution is achieved via non-means-tested transfers. In this paper we compare alternative tax systems in an environment with distinct roles for public and private insurance. We evaluate alternative policies using a social welfare function designed to capture the taste for redistribution reflected in the current tax system. In our preferred specification, moving to the optimal flat tax policy reduces welfare, whereas moving to the optimal fully nonlinear Mirrlees policy generates only tiny welfare gains. These findings suggest that proposals for dramatic tax reform should be viewed with caution.
=588  \\$aDescription based on online resource; title from http://www.cepr.org/active/publications/discussion_papers/dp.php?dpno=10380 viewed February 2, 2015.
=650  \0$aProgressive taxation$xEconometric models.
=650  \0$aIncome tax$xEconometric models.
=650  \0$aFiscal policy$xEconometric models.
=690  7\$aManagement and Business Studies$2blcoll
=700  1\$aTsujiyama, Hitoshi,$eauthor.
=710  2\$aCentre for Economic Policy Research (Great Britain),$eissuing body.
=830  \0$aDiscussion paper (Centre for Economic Policy Research (Great Britain)).$pInternational macroeconomics and public economics ;$vno. 10380.
=852  41$aBritish Library$bHMNTS$jYK.2016.a.3489
=856  40$uhttp://www.cepr.org/active/publications/discussion_papers/dp.php?dpno=10380
=985  \\$aLDLSCP record - no ISBN match on import to BLL01
=CAT  \\$aBATCH-LDLN$b00$c20160523$lBLL01$h2050
=CAT  \\$aBATCH-UPD$b00$c20160523$lBLL01$h2050
=CAT  \\$a7732$b40$c20160903$lBLL01$h0911
=CAT  \\$aBATCH-016$c20160907$lBLL01$h2147
=CAT  \\$a9666$b40$c20161011$lBLL01$h1418
=CAT  \\$aBATCH-MBS$c20161021$lBLL01$h2111
=FIN  \\$aY$d20161011
=FMT  \\$a  BK
=LAS  \\$aBATCH-MBS$b00$c20161021$lBLL01$h2111

