=LDR  03569aam a2200565 i 4500
=001  017855590
=003  Uk
=005  20161020155503.0
=008  150319s2015\\\\enka\\\\\b\\\\000\0\eng\c
=015  \\$aGBB668751$2bnb
=016  7\$a017855590$2Uk
=020  \\$qpaperback
=035  \\$a(WlAbNL)99382414202419
=040  \\$aStEdALDL$beng$cStEdALDL$dWlAbNL$dUk$erda
=042  \\$aukscp
=082  04$a332.6015195$223
=100  1\$aBuss, Adrian,$eauthor.
=245  10$aWhere experience matters :$basset allocation and asset pricing with opaque and illiquid assets /$cAdrian Buss, Raman Uppal and Grigory Vilkov.
=264  \1$aLondon :$bCentre for Economic Policy Research,$cFebruary 2015.
=300  \\$a58 pages :$billustrations (black and white) ;$c21 cm.
=336  \\$atext$btxt$2rdacontent
=336  \\$astill image$bsti$2rdacontent
=337  \\$aunmediated$bn$2rdamedia
=338  \\$avolume$bnc$2rdacarrier
=490  1\$aDiscussion paper series,$x0265-8003 ;$vno. 10437
=500  \\$a"Submitted 12 February 2015."
=504  \\$aIncludes bibliographical references (pages 54-58).
=520  \\$aAlternative assets, such as private equity, hedge funds, and real assets, are illiquid and opaque, and thus pose a challenge to traditional models of asset allocation. In this paper, we study asset allocation and asset pricing in a general-equilibrium model with liquid assets and an alternative risky asset, which is opaque and incurs transaction costs, and investors who differ in their experience in assessing the alternative asset. We find that the optimal asset-allocation strategy of the relatively inexperienced investors is to initially tilt their portfolio away from the alternative asset and to hold more of it with experience. Counterintuitively, a decrease in the transaction cost for the alternative asset increases the portfolio tilt at the initial date, and hence, the liquidity discount. Transaction costs may induce inexperienced investors to hold a majority of the illiquid asset at later dates, even if they are pessimistic about future payoffs, and produce a sizable liquidity discount. During periods when the alternative asset is illiquid, investors trade the liquid equity index instead, leading to strong spillover effects.
=588  \\$aDescription based on online resource; title from http://www.cepr.org/active/publications/discussion_papers/dp.php?dpno=10437 viewed F.
=650  \0$aAsset allocation$xEconometric models.
=650  \0$aPortfolio management$xEconometric models.
=650  \0$aLiquidity (Economics)$xEconometric models.
=650  \0$aTransaction costs$xEconometric models.
=690  7\$aManagement and Business Studies$2blcoll
=700  1\$aUppal, Raman,$eauthor.
=700  1\$aVilkov, Grigory,$eauthor.
=710  2\$aCentre for Economic Policy Research (Great Britain),$eissuing body.
=830  \0$aDiscussion paper (Centre for Economic Policy Research (Great Britain)).$pFinancial economics ;$vno. 10437.
=852  41$aBritish Library$bHMNTS$jYK.2016.a.3594
=856  40$uhttp://www.cepr.org/active/publications/discussion_papers/dp.php?dpno=10437
=985  \\$aLDLSCP record - no ISBN match on import to BLL01
=CAT  \\$aBATCH-LDLN$b00$c20160523$lBLL01$h2050
=CAT  \\$aBATCH-UPD$b00$c20160523$lBLL01$h2050
=CAT  \\$a7732$b40$c20160915$lBLL01$h1430
=CAT  \\$aBATCH-016$c20160921$lBLL01$h2146
=CAT  \\$a9666$b40$c20161020$lBLL01$h1555
=CAT  \\$aBATCH-MBS$c20161028$lBLL01$h2114
=FIN  \\$aY$d20161020
=FMT  \\$a  BK
=LAS  \\$aBATCH-MBS$b00$c20161028$lBLL01$h2114

