=LDR  02786 am a2200493 i 4500
=001  017855604
=003  Uk
=005  20180213140647.0
=008  160318s2016\\\\enka\\\\\b\\\\000\0\eng\c
=015  \\$aGBB668765$2bnb
=016  7\$a017855604$2Uk
=020  \\$qpaperback
=035  \\$a(WlAbNL)99652106802419
=040  \\$aUk$beng$cUk$dWlAbNL$erda
=042  \\$aukscp
=100  1\$aGérard, Francoise$c(College teacher),$eauthor.
=245  10$aIdentification and inference in regression discontinuity designs with a manipulated running variable /$cFrancois Gerard, Miikka Rokkanen and Christoph Rothe.
=264  \1$aLondon :$bCentre for Economic Policy Research,$cJanuary 2016.
=300  \\$a63 pages :$billustrations (black and white) ;$c21 cm.
=336  \\$atext$btxt$2rdacontent
=336  \\$astill image$bsti$2rdacontent
=337  \\$aunmediated$bn$2rdamedia
=338  \\$avolume$bnc$2rdacarrier
=490  1\$aDiscussion paper series,$x0265-8003$aPublic economics ;$vno. 11048
=500  \\$a"Submitted 22 December 2015."
=504  \\$aIncludes bibliographical references (pages 59-63).
=520  \\$aA key assumption in regression discontinuity analysis is that units cannot manipulate the value of their running variable in a way that guarantees or avoids assignment to the treatment. Standard identification arguments break down if this condition is violated. This paper shows that treatment effects remain partially identified in this case. We derive sharp bounds on the treatment effects, show how to estimate them, and propose ways to construct valid confidence intervals. Our results apply to both sharp and fuzzy regression discontinuity designs. We illustrate our methods by studying the effect of unemployment insurance on unemployment duration in Brazil, where we find strong evidence of manipulation at eligibility cutoffs.
=650  \0$aRegression analysis.
=650  \0$aUnemployment insurance$zBrazil$xEconometric models.
=650  \0$aUnemployment$zBrazil$xEconometric models.
=700  1\$aRokkanen, Miikka,$eauthor.
=700  1\$aRothe, Christoph,$eauthor.
=710  2\$aCentre for Economic Policy Research (Great Britain),$eissuing body.
=830  \0$aDiscussion paper (Centre for Economic Policy Research (Great Britain)) ;$vno. 11048.
=852  41$aBritish Library$bHMNTS$jYKL.2018.a.2179
=856  40$uhttp://www.cepr.org/active/publications/discussion_papers/dp.php?dpno=11048
=985  \\$aAwaiting NetCat DDC
=985  \\$aLDLSCP record - no ISBN match on import to BLL01
=CAT  \\$aBATCH-LDLN$b00$c20160523$lBLL01$h2050
=CAT  \\$aBATCH-UPD$b00$c20160523$lBLL01$h2050
=CAT  \\$aBATCH-016$c20170405$lBLL01$h2148
=CAT  \\$a7359$b40$c20180213$lBLL01$h1406
=FMT  \\$a  BK
=LAS  \\$a7359$b40$c20180213$lBLL01$h1406

