=LDR  02813 am a2200505 i 4500
=001  017860940
=003  Uk
=005  20180222142605.0
=008  160510s2016\\\\enka\\\\\b\\\\000\0\eng\c
=015  \\$aGBB671522$2bnb
=016  7\$a017860940$2Uk
=020  \\$qpaperback
=035  \\$a(WlAbNL)99653021202419
=040  \\$aStEdALDL$beng$cStEdALDL$dWlAbNL$erda
=042  \\$aukscp
=100  10$aJeanne, Olivier,$eauthor.
=245  10$aOptimal reserves in financially closed economies /$cOlivier Jeanne and Damiano Sandri.
=264  \1$aLondon :$bCentre for Economic Policy Research,$c2016.
=300  \\$a27 pages :$billustrations (black and white) ;$c21 cm.
=336  \\$atext$btxt$2rdacontent
=336  \\$astill image$bsti$2rdacontent
=337  \\$aunmediated$bn$2rdamedia
=338  \\$avolume$bnc$2rdacarrier
=490  1\$aDiscussion paper (Centre for Economic Policy Research (Great Britain),$x0265-8003$aInternational macroeconomics and finance ;$vno. 11200
=500  \\$aTitle from cover.
=500  \\$a"Submitted 30 March 2016".
=504  \\$aIncludes bibliographical references (pages 25-27).
=520  \\$aFinancially closed economies insure themselves against current-account shocks using international reserves. We characterize the optimal management of reserves using an open-economy model of precautionary savings and emphasize several results. First, the welfare-based opportunity cost of reserves differs from the measures often used by practitioners. Second, under plausible calibrations the model is consistent with the rule of thumb that reserves should be close to three months of imports. Third, simple linear rules can capture most of the welfare gains from optimal reserve management. Fourth, policymakers should place more emphasis on how to use reserves in response to shocks than on the reserve target itself.
=650  \0$aInternational economic relations$xEconometric models.
=650  \0$aReserves (Accounting)$xEconometric models.
=650  \0$aForeign exchange$xEconometric models.
=650  \0$aCapital movements$xEconometric models.
=700  1\$aSandri, Damiano,$eauthor.
=710  2\$aCentre for Economic Policy Research (Great Britain),$eissuing body.
=830  \0$aDiscussion paper (Centre for Economic Policy Research (Great Britain)) ;$vno. 11200.
=852  41$aBritish Library$bHMNTS$jYK.2018.a.1063
=856  40$uhttp://www.cepr.org/active/publications/discussion_papers/dp.php?dpno=11200
=985  \\$aAwaiting NetCat DDC
=985  \\$aLDLSCP record - no ISBN match on import to BLL01
=CAT  \\$aBATCH-LDLN$b00$c20160531$lBLL01$h1038
=CAT  \\$aBATCH-UPD$b00$c20160531$lBLL01$h1038
=CAT  \\$aWR16_021$c20160720$lBLL01$h1722
=CAT  \\$a10999$b40$c20180222$lBLL01$h1426
=FMT  \\$a  BK
=LAS  \\$a10999$b40$c20180222$lBLL01$h1426

