=LDR  02997 am a2200481 i 4500
=001  017860941
=003  Uk
=005  20180222143625.0
=008  160510s2016\\\\enk\\\\\\b\\\\000\0\eng\c
=015  \\$aGBB671523$2bnb
=016  7\$a017860941$2Uk
=020  \\$qpaperback
=035  \\$a(WlAbNL)99653022102419
=040  \\$aStEdALDL$beng$cStEdALDL$dWlAbNL$erda
=042  \\$aukscp
=100  1\$aSenay, Özge,$d1970-$eauthor.
=245  10$aOptimal monetary policy, exchange rate misalignments and incomplete financial markets /$cOzge Senay and Alan Sutherland.
=264  \1$aLondon :$bCentre for Economic Policy Research,$c29 March 2016.
=300  \\$a28 pages ;$c21 cm.
=336  \\$atext$btxt$2rdacontent
=337  \\$aunmediated$bn$2rdamedia
=338  \\$avolume$bnc$2rdacarrier
=490  1\$aDiscussion paper series,$x0265-8003$aInternational macroeconomics and finance ;$vno. 11198
=504  \\$aIncludes bibliographical references (pages 27-28).
=520  \\$aRecent literature on monetary policy shows that, when international financial trade is restricted to a single non-contingent bond, there are significant trade-offs that prevent optimal policy from simultaneously closing all internal and external welfare gaps. Optimal policy therefore deviates from inflation targeting in order to offset real exchange rate misalignments. These simple models are, however, not good representations of modern financial markets. This paper develops a more realistic two-country model of incomplete markets, where there is international trade in nominal bonds denominated in the currencies of the two countries and equity claims on profit streams in the two countries. The analysis shows that the welfare benefits of optimal policy relative to inflation targeting are quantitatively smaller than found in simpler models of financial incompleteness. It is nevertheless found that optimal policy implies quantitatively significant stabilisation of the real exchange rate gap and trade balance gap compared to inflation targeting.
=650  \0$aMonetary policy$xEconometric models.
=650  \0$aBonds$xEconometric models.
=650  \0$aMathematical optimization.
=650  \0$aFinancial institutions.
=700  1\$aSutherland, Alan$q(Alan J.),$eauthor.
=710  2\$aCentre for Economic Policy Research (Great Britain),$eissuing body.
=830  \0$aDiscussion paper (Centre for Economic Policy Research (Great Britain)) ;$vno. 11198.
=852  41$aBritish Library$bHMNTS$jYK.2018.a.1066
=856  40$uhttp://www.cepr.org/active/publications/discussion_papers/dp.php?dpno=11198
=985  \\$aAwaiting NetCat DDC
=985  \\$aLDLSCP record - no ISBN match on import to BLL01
=CAT  \\$aBATCH-LDLN$b00$c20160531$lBLL01$h1038
=CAT  \\$aBATCH-UPD$b00$c20160531$lBLL01$h1038
=CAT  \\$a9592$b40$c20160617$lBLL01$h1044
=CAT  \\$aWR16_021$c20160720$lBLL01$h1722
=CAT  \\$a10999$b40$c20180222$lBLL01$h1436
=FMT  \\$a  BK
=LAS  \\$a10999$b40$c20180222$lBLL01$h1436

