=LDR  03430 am a2200529 i 4500
=001  017860942
=003  Uk
=005  20180222142013.0
=008  160510s2016\\\\enka\\\\\b\\\\000\0\eng\c
=015  \\$aGBB671524$2bnb
=016  7\$a017860942$2Uk
=020  \\$qpaperback
=035  \\$a(WlAbNL)99653025902419
=040  \\$aStEdALDL$beng$cStEdALDL$dWlAbNL$erda
=042  \\$aukscp
=100  1\$aAzmat, Ghazala,$d1979-$eauthor.
=245  10$aWhat you don't know ... can't hurt you? :$ba field experiment on relative performance feedback in higher education /$cGhazala Azmat, Manuel Bagues, Antonio Cabrales and Nagore Iriberri.
=246  30$aWhat you don't know can't hurt you
=246  30$aField experiment on relative performance feedback in higher education
=264  \1$aLondon :$bCentre for Economic Policy Research,$c30 March 2016.
=300  \\$a44 pages :$billustrations (black and white) ;$c21 cm.
=336  \\$atext$btxt$2rdacontent
=336  \\$astill image$bsti$2rdacontent
=337  \\$aunmediated$bn$2rdamedia
=338  \\$avolume$bnc$2rdacarrier
=490  1\$aDiscussion paper (Centre for Economic Policy Research (Great Britain)),$x0265-8003$aIndustrial organization, Labour economics and Public economics ;$v11201
=500  \\$a"Submitted 30 March 2016."
=504  \\$aIncludes bibliographical references (pages 29-32).
=520  \\$aThis paper studies the effect of providing feedback to college students on their position in the grade distribution by using a randomized control experiment. This information was updated every six months during a three-year period. In the absence of treatment, students' underestimate their position in the grade distribution. The treatment significantly improves the students' self-assessment. We find that treated students experience a significant decrease in their educational performance, as measured by their accumulated GPA and number of exams passed, and a significant improvement in their self-reported satisfaction, as measured by survey responses obtained after information is provided but before students take their exams. Those effects, however, are short lived, as students catch up in subsequent periods. Moreover, the negative effect on performance is driven by those students who underestimate their position in the absence of feedback. Those students who overestimate initially their position, if anything, respond positively.
=650  \0$aFeedback (Psychology)$xEducation (Higher)$xEconomic aspects.
=650  \0$aCollege students$xRating of$xEconomic aspects.
=650  \0$aGrading and marking (Students)$xEconomic aspects.
=700  1\$aBagues, Manuel F.,$eauthor.
=700  1\$aCabrales, Antonio,$eauthor.
=700  1\$aIriberri, Nagore,$eauthor.
=710  2\$aCentre for Economic Policy Research (Great Britain),$eissuing body.
=830  \0$aDiscussion paper (Centre for Economic Policy Research (Great Britain)) ;$vno. 11201.
=852  41$aBritish Library$bHMNTS$jYK.2018.a.1058
=856  40$uhttp://www.cepr.org/active/publications/discussion_papers/dp.php?dpno=11201
=985  \\$aAwaiting NetCat DDC
=985  \\$aLDLSCP record - no ISBN match on import to BLL01
=CAT  \\$aBATCH-LDLN$b00$c20160531$lBLL01$h1038
=CAT  \\$aBATCH-UPD$b00$c20160531$lBLL01$h1038
=CAT  \\$aWR16_021$c20160720$lBLL01$h1722
=CAT  \\$a10999$b40$c20180222$lBLL01$h1420
=FMT  \\$a  BK
=LAS  \\$a10999$b40$c20180222$lBLL01$h1420

