=LDR  03507 am a2200481 i 4500
=001  017860944
=003  Uk
=005  20180222132356.0
=008  160510s2016\\\\enka\\\\\b\\\\000\0\eng\c
=015  \\$aGBB671526$2bnb
=016  7\$a017860944$2Uk
=020  \\$qpaperback
=035  \\$a(WlAbNL)99653028702419
=040  \\$aStEdALDL$beng$cStEdALDL$dWlAbNL$erda
=042  \\$aukscp
=100  1\$aAmiti, Mary,$eauthor.
=245  10$aInternational shocks and domestic prices :$bhow large are strategic complementarities? /$cMary Amiti, Oleg Itskhoki and Jozef Konings.
=264  \1$aLondon :$bCentre for Economic Policy Research,$c21 March 2016.
=300  \\$a54 pages :$billustrations (black and white) ;$c21 cm.
=336  \\$atext$btxt$2rdacontent
=336  \\$astill image$bsti$2rdacontent
=337  \\$aunmediated$bn$2rdamedia
=338  \\$avolume$bnc$2rdacarrier
=490  1\$aDiscussion paper (Centre for Economic Policy Research (Great Britain)),$x0265-8003$aIndustrial organization$aInternational trade and regional economics ;$v11182
=504  \\$aIncludes bibliographical references (pages 53-54).
=520  \\$aHow strong are strategic complementarities in price setting across firms? In this paper, we provide a direct empirical estimate of firm price responses to changes in prices of their competitors. We develop a general framework and an empirical identification strategy to estimate the elasticities of a firm's price response to both its own cost shocks and to the price changes of its competitors. Our approach takes advantage of a new micro-level dataset for the Belgian manufacturing sector, which contains detailed information on firm domestic prices, marginal costs, and competitor prices. The rare features of these data enable us to construct instrumental variables to address the simultaneity of price setting by competing firms. We find strong evidence of strategic complementarities, with a typical firm adjusting its price with an elasticity of 35% in response to the price changes of its competitors and with an elasticity of 65% in response to its own cost shocks. Furthermore, we find substantial heterogeneity in these elasticities across firms, with small firms showing no strategic complementarities and a complete cost pass-through, while large firms responding to their cost shocks and competitor price changes with roughly equal elasticities of around 50%. We show, using a tightly calibrated quantitative model, that these findings have important implications for shaping the response of domestic prices to international shocks.
=650  \0$aPrices$xEconometric models.
=650  \0$aInternational trade$xEconometric models.
=650  \0$aExchange rate pass-through$xEconometric models.
=700  1\$aItskhoki, Oleg,$eauthor.
=700  1\$aKonings, Jozef,$eauthor.
=710  2\$aCentre for Economic Policy Research (Great Britain),$eissuing body.
=830  \0$aDiscussion paper (Centre for Economic Policy Research (Great Britain)) ;$vno. 11182.
=852  41$aBritish Library$bHMNTS$jYK.2018.a.1036
=856  40$uhttp://www.cepr.org/active/publications/discussion_papers/dp.php?dpno=11182
=985  \\$aAwaiting NetCat DDC
=985  \\$aLDLSCP record - no ISBN match on import to BLL01
=CAT  \\$aBATCH-LDLN$b00$c20160531$lBLL01$h1038
=CAT  \\$aBATCH-UPD$b00$c20160531$lBLL01$h1039
=CAT  \\$aWR16_021$c20160720$lBLL01$h1722
=CAT  \\$a10999$b40$c20180222$lBLL01$h1323
=FMT  \\$a  BK
=LAS  \\$a10999$b40$c20180222$lBLL01$h1323

