=LDR  02526 am a2200469 i 4500
=001  017860945
=003  Uk
=005  20180222134451.0
=008  160310s2016\\\\enka\\\\\b\\\\000\0\eng\c
=015  \\$aGBB671527$2bnb
=016  7\$a017860945$2Uk
=020  \\$qpaperback
=035  \\$a(WlAbNL)99653240702419
=040  \\$aGZM$beng$cGZM$dWlAbNL$erda
=042  \\$aukscp
=100  1\$aMitchener, Kris James,$eauthor.
=245  10$aNetwork contagion and interbank amplification during the Great Depression /$cKris James Mitchener and Gary Richardson.
=264  \1$aLondon :$bCentre for Economic Policy Research,$c10 March 2016.
=300  \\$a60 pages :$billustrations (black and white) ;$c21 cm.
=336  \\$atext$btxt$2rdacontent
=336  \\$astill image$bsti$2rdacontent
=337  \\$aunmediated$bn$2rdamedia
=338  \\$avolume$bnc$2rdacarrier
=490  1\$aDiscussion paper (Centre for Economic Policy Research (Great Britain)),$x0265-8003$aEconomic history$aMonetary economics and fluctuations ;$vno. 11164
=504  \\$aIncludes bibliographical references (pages 46-50).
=520  \\$aInterbank networks amplified the contraction in lending during the Great Depression. Banking panics induced banks in the hinterland to withdraw interbank deposits from Federal Reserve member banks located in reserve and central reserve cities. These correspondent banks responded by curtailing lending to businesses. Between the peak in the summer of 1929 and the banking holiday in the winter of 1933, interbank amplification reduced aggregate lending in the U.S. economy by an estimated 15 percent.
=650  \0$aBanks and banking$xRisk management$zUnited States.
=650  \0$aInterbank market$zUnited States.
=650  \0$aFinancial crises$zUnited States$xHistory$y20th century.
=700  1\$aRichardson, Gary,$d1966-$eauthor.
=710  2\$aCentre for Economic Policy Research (Great Britain),$eissuing body.
=830  \0$aDiscussion paper (Centre for Economic Policy Research (Great Britain)) ;$vno. 11164.
=852  41$aBritish Library$bHMNTS$jYK.2018.a.1043
=856  40$uhttp://www.cepr.org/active/publications/discussion_papers/dp.php?dpno=11164
=985  \\$aAwaiting NetCat DDC
=985  \\$aLDLSCP record - no ISBN match on import to BLL01
=CAT  \\$aBATCH-LDLN$b00$c20160531$lBLL01$h1038
=CAT  \\$aBATCH-UPD$b00$c20160531$lBLL01$h1039
=CAT  \\$aWR16_021$c20160720$lBLL01$h1722
=CAT  \\$a10999$b40$c20180222$lBLL01$h1344
=FMT  \\$a  BK
=LAS  \\$a10999$b40$c20180222$lBLL01$h1344

