=LDR  03185 am a2200517 i 4500
=001  017867848
=003  Uk
=005  20180106112353.0
=008  151221s2015\\\\enka\\\\\b\\\\000\0\eng\c
=015  \\$aGBB674167$2bnb
=016  7\$a017867848$2Uk
=020  \\$qpaperback
=035  \\$a(WlAbNL)99627923802419
=040  \\$aStEdALDL$beng$cStEdALDL$dWlAbNL$erda
=042  \\$aukscp
=100  1\$aKaniel, Ron,$eauthor.
=245  10$aWSJ category kings :$bthe impact of media attention on consumer and mutual fund investment decisions /$cRon Kaniel and Robert Parham.
=246  30$aWall Street Journal Category Kings
=264  \1$aLondon :$bCentre for Economic Policy Research,$cNovember 2015.
=300  \\$a57 pages :$billustrations (black and white) ;$c21 cm.
=336  \\$atext$btxt$2rdacontent
=336  \\$astill image$bsti$2rdacontent
=337  \\$aunmediated$bn$2rdamedia
=338  \\$avolume$bnc$2rdacarrier
=490  1\$aDiscussion paper (Centre for Economic Policy Research (Great Britain)),$x0265-8003$aFinancial economics ;$vno. 10923
=500  \\$a"Submitted 30 October 2015."
=504  \\$aIncludes bibliographical references (pages 33-37).
=520  \\$aWe exploit a novel natural experiment to establish a clear causal relation between media attention and consumer investment behavior. Our findings indicate a 31 percent local average increase in quarterly capital flows into mutual funds mentioned in a prominent Wall Street Journal "Category Kings" ranking list, compared to those funds which just missed making the list. This flow increase is about 7 times larger than extra flows due to the well documented performance-flow relation. Other funds in the same complex receive substantial extra flows as well, especially in smaller complexes. There is no increase in flows when similar information is conveyed absent the prominence of the Category Kings lists. We show mutual fund managers react to the incentive created by the media effect in a strategic way predicted by theory, and present evidence for the existence of propagation mechanisms including increased fund complex advertising subsequent to having a Category King and increased efficacy of subsequent fund media mentions.
=630  00$aWall Street journal$xInfluence.
=650  \0$aMass media$xInfluence$xEconomic aspects.
=650  \0$aConsumer behavior.
=650  \0$aMutual funds$xMarketing.
=650  \0$aInformation theory in economics.
=700  1\$aParham, Robert$c(College teacher),$eauthor.
=710  2\$aCentre for Economic Policy Research (Great Britain),$eissuing body.
=830  \0$aDiscussion paper (Centre for Economic Policy Research (Great Britain)) ;$vno. 10923.
=852  41$aBritish Library$bHMNTS$jYK.2018.a.91
=856  40$uhttp://www.cepr.org/active/publications/discussion_papers/dp.php?dpno=10923
=985  \\$aAwaiting NetCat DDC
=985  \\$aLDLSCP record - no ISBN match on import to BLL01
=CAT  \\$aBATCH-LDLN$b00$c20160606$lBLL01$h2103
=CAT  \\$aBATCH-UPD$b00$c20160606$lBLL01$h2103
=CAT  \\$aBATCH-016$c20170222$lBLL01$h2145
=CAT  \\$a8317$b40$c20180106$lBLL01$h1123
=FMT  \\$a  BK
=LAS  \\$a8317$b40$c20180106$lBLL01$h1123

