=LDR  02523 am a2200481 i 4500
=001  017867863
=003  Uk
=005  20180222132658.0
=008  160510s2016\\\\enk\\\\\\b\\\\000\0\eng\c
=015  \\$aGBB674182$2bnb
=016  7\$a017867863$2Uk
=020  \\$qpaperback
=035  \\$a(WlAbNL)99653023802419
=040  \\$aStEdALDL$beng$cStEdALDL$dWlAbNL$erda
=042  \\$aukscp
=100  1\$aHerweg, Fabian,$eauthor.
=245  10$aOptimal cost overruns :$bprocurement auctions and renegotiation /$cFabian Herweg and Marco A. Schwarz.
=264  \1$aLondon :$bCentre for Economic Policy Research,$c20 March 2016.
=300  \\$a29 pages ;$c21 cm.
=336  \\$atext$btxt$2rdacontent
=337  \\$aunmediated$bn$2rdamedia
=338  \\$avolume$bnc$2rdacarrier
=490  1\$aDiscussion paper (Centre for Economic Policy Research (Great Britain)),$x0265-8003$aIndustrial organization ;$vno. 11179
=500  \\$a"Submitted 20 March 2016".
=504  \\$aIncludes bibliographical references (pages 26-29).
=520  \\$aCost overrun is ubiquitous in public procurement. We argue that this can be the result of a constraint optimal award procedure when the procurer cannot commit not to renegotiate. If cost differences are more pronounced for more complex designs, it is optimal to fix a simple design ex ante and to renegotiate to a more complex and costlier design ex post. Specifying a simple design initially enhances competition in the auction. Moreover, the procurer cannot benefit from using a multi-dimensional auction, as the optimal scoring rule depends only on the price.
=650  \0$aContracts$xEconometric models.
=650  \0$aNegotiation$xEconometric models.
=650  \0$aAuctions$xEconometric models.
=650  \0$aIndustrial procurement$xEconometric models.
=700  1\$aSchwarz, Marco A.,$d1987-$eauthor.
=710  2\$aCentre for Economic Policy Research (Great Britain),$eissuing body.
=830  \0$aDiscussion paper (Centre for Economic Policy Research (Great Britain)) ;$vno. 11179.
=852  41$aBritish Library$bHMNTS$jYK.2018.a.1038
=856  40$uhttp://www.cepr.org/active/publications/discussion_papers/dp.php?dpno=11179
=985  \\$aAwaiting NetCat DDC
=985  \\$aLDLSCP record - no ISBN match on import to BLL01
=CAT  \\$aBATCH-LDLN$b00$c20160606$lBLL01$h2103
=CAT  \\$aBATCH-UPD$b00$c20160606$lBLL01$h2103
=CAT  \\$aWR16_021$c20160720$lBLL01$h1723
=CAT  \\$a10999$b40$c20180222$lBLL01$h1326
=FMT  \\$a  BK
=LAS  \\$a10999$b40$c20180222$lBLL01$h1326

