=LDR  03209 am a2200493 i 4500
=001  017867864
=003  Uk
=005  20180228105521.0
=008  160510s2016\\\\enka\\\\\b\\\\000\0\eng\c
=015  \\$aGBB674183$2bnb
=016  7\$a017867864$2Uk
=020  \\$qpaperback
=035  \\$a(WlAbNL)99653027302419
=040  \\$aStEdALDL$beng$cStEdALDL$dWlAbNL$erda
=042  \\$aukscp
=100  1\$aDustmann, Christian,$eauthor.
=245  10$aIllegal migration and consumption behavior of immigrant households /$cChristian Dustmann, Francesco Fasani and Biagio Speciale.
=264  \1$aLondon :$bCentre for Economic Policy Research,$c22 March 2016.
=300  \\$a69 pages :$billustrations (black and white) ;$c21 cm.
=336  \\$atext$btxt$2rdacontent
=336  \\$astill image$bsti$2rdacontent
=337  \\$aunmediated$bn$2rdamedia
=338  \\$avolume$bnc$2rdacarrier
=490  1\$aDiscussion paper (Centre for Economic Policy Research (Great Britain)),$x0265-8003$aLabour economics ;$v11186
=504  \\$aIncludes bibliographical references (pages 39-46).
=520  \\$aWe analyze the effect of immigrants' legal status on their consumption behavior using unique survey data that samples both documented and undocumented immigrants. To address the problem of sorting into legal status, we propose two alternative identification strategies as exogenous source of variation for current legal status: First, transitory income shocks in the home country, measured as rainfall shocks at the time of emigration. Second, amnesty quotas that grant legal residence status to undocumented immigrants. Both sources of variation create a strong first stage, and -- although very different in nature -- lead to similar estimates of the effects of illegal status on consumption, with undocumented immigrants consuming about 40% less than documented immigrants, conditional on background characteristics. Roughly one quarter of this decrease is explained by undocumented immigrants having lower incomes than documented immigrants. Our findings imply that legalization programs may have a potentially important effect on immigrants' consumption behavior, with consequences for both the source and host countries.
=650  \0$aIllegal aliens$xEconometric models.
=650  \0$aEmigration and immigration$xEconometric models.
=650  \0$aConsumer behavior$xEconometric models.
=650  \0$aConsumption (Economics)$xEconometric models.
=700  1\$aFasani, Francesco,$eauthor.
=700  1\$aSpeciale, Biagio,$eauthor.
=710  2\$aCentre for Economic Policy Research (Great Britain),$eissuing body.
=830  \0$aDiscussion paper (Centre for Economic Policy Research (Great Britain)) ;$vno. 11186.
=852  41$aBritish Library$bHMNTS$jYK.2018.a.1133
=856  40$uhttp://www.cepr.org/active/publications/discussion_papers/dp.php?dpno=11186
=985  \\$aAwaiting NetCat DDC
=985  \\$aLDLSCP record - no ISBN match on import to BLL01
=CAT  \\$aBATCH-LDLN$b00$c20160606$lBLL01$h2103
=CAT  \\$aBATCH-UPD$b00$c20160606$lBLL01$h2103
=CAT  \\$aWR16_021$c20160720$lBLL01$h1723
=CAT  \\$a10999$b40$c20180228$lBLL01$h1055
=FMT  \\$a  BK
=LAS  \\$a10999$b40$c20180228$lBLL01$h1055

