=LDR  03040 am a2200481 i 4500
=001  017867865
=003  Uk
=005  20180222141510.0
=008  160510s2016\\\\enka\\\\\b\\\\000\0\eng\c
=015  \\$aGBB674184$2bnb
=016  7\$a017867865$2Uk
=020  \\$qpaperback
=035  \\$a(WlAbNL)99653027602419
=040  \\$aStEdALDL$beng$cStEdALDL$dWlAbNL$erda
=042  \\$aukscp
=100  1\$aElinder, Mikael,$d1976-$eauthor.
=245  10$aInheritance and wealth inequality :$bevidence from population registers /$cMikael Elinder, Oscar Erixson and Daniel Waldenström.
=264  \1$aLondon :$bCentre for Economic Policy Research,$c24 March 2016.
=300  \\$a49 pages :$billustrations (black and white) ;$c21 cm.
=336  \\$atext$btxt$2rdacontent
=336  \\$astill image$bsti$2rdacontent
=337  \\$aunmediated$bn$2rdamedia
=338  \\$avolume$bnc$2rdacarrier
=490  1\$aDiscussion paper (Centre for Economic Policy Research (Great Britain)),$x0265-8003$aPublic economics ;$vno. 11191
=504  \\$aIncludes bibliographical references (pages 39-43).
=520  \\$aWe use new population-wide register data on inheritances and wealth in Sweden to estimate the causal impact of inheritances on wealth inequality. We find that inheritances reduce relative wealth inequality (e.g., the Gini coefficient falls by 5-10 percent) but that absolute dispersion increases. Examining different parts of the wealth distribution, we find that the top decile's wealth share decreases substantially, whereas the wealth share of the bottom half increases from a negative to a positive share. In essence, wealthier heirs inherit larger amounts, but less wealthy heirs inherit more relative to their pre-inheritance wealth. We also find that post-inheritance behavioral adjustments mitigate the equalizing effect of inheritances because less wealthy heirs consume larger shares of their inheritances. Moreover, we find that the Swedish inheritance tax reduced the equalizing inheritance effect but that the redistribution of tax revenues could reverse this result. Finally, we show that inheritances increase wealth mobility.
=650  \0$aIncome distribution$zSweden.
=650  \0$aInheritance and succession$zSweden.
=650  \0$aWealth$zSweden.
=700  1\$aErixson, Oscar,$eauthor.
=700  1\$aWaldenström, Daniel,$d1974-$eauthor.
=710  2\$aCentre for Economic Policy Research (Great Britain),$eissuing body.
=830  \0$aDiscussion paper (Centre for Economic Policy Research (Great Britain)) ;$vno. 11191.
=852  41$aBritish Library$bHMNTS$jYK.2018.a.1055
=856  40$uhttp://www.cepr.org/active/publications/discussion_papers/dp.php?dpno=11191
=985  \\$aAwaiting NetCat DDC
=985  \\$aLDLSCP record - no ISBN match on import to BLL01
=CAT  \\$aBATCH-LDLN$b00$c20160606$lBLL01$h2103
=CAT  \\$aBATCH-UPD$b00$c20160606$lBLL01$h2103
=CAT  \\$aWR16_021$c20160720$lBLL01$h1723
=CAT  \\$a10999$b40$c20180222$lBLL01$h1415
=FMT  \\$a  BK
=LAS  \\$a10999$b40$c20180222$lBLL01$h1415

