=LDR  02892 am a2200505 i 4500
=001  017867866
=003  Uk
=005  20180308133324.0
=008  160303s2016\\\\enka\\\\\b\\\\000\0\eng\c
=015  \\$aGBB674185$2bnb
=016  7\$a017867866$2Uk
=020  \\$qpaperback
=035  \\$a(WlAbNL)99653239302419
=040  \\$aGZM$beng$cGZM$dOCLCO$dOCLCF$dOCLCO$dWlAbNL$erda
=042  \\$aukscp
=100  1\$aHoren, Neeltje van,$eauthor.
=245  14$aThe invisible hand of the government :$b"moral suasion" during the European sovereign debt crisis /$cNeeltje Van Horen, Steven Ongena and Alexander Popov.
=264  \1$aLondon :$bCentre for Economic Policy Research,$c03 March 2016.
=300  \\$a52 pages :$billustrations (black and white) ;$c21 cm.
=336  \\$atext$btxt$2rdacontent
=336  \\$astill image$bsti$2rdacontent
=337  \\$aunmediated$bn$2rdamedia
=338  \\$avolume$bnc$2rdacarrier
=490  1\$aDiscussion paper (Centre for Economic Policy Research (Great Britain)),$x0265-8003$aFinancial economics ;$vno. 11153
=500  \\$a"Submitted 3 March 2016".
=504  \\$aIncludes bibliographical references (pages 34-37).
=520  \\$aUsing proprietary data on banks' monthly securities holdings, we find that during the European sovereign debt crisis, domestic banks in fiscally stressed countries were considerably more likely than foreign banks to increase their holdings of domestic sovereign bonds in months with relatively high domestic sovereign bond issuance. This effect is stronger for state-owned banks and for banks with low initial holdings of domestic sovereign bonds, and it is not fuelled by Central Bank liquidity provision. Our results point to a 'moral suasion' mechanism, and they are not driven by concurrent risk-shifting, carr-trading, regulatory compliance, or shocks to investment opportunities.
=650  \0$aBanks and banking, International$xEconometric models.
=650  \0$aDebts, Public$zEurope$xEconometric models.
=650  \0$aMonetary policy$zEurope$xEconometric models.
=650  \0$aIntergovernmental fiscal relations$zEurope$xEconometric models.
=700  1\$aOngena, Steven,$eauthor.
=700  1\$aPopov, Alexander A.,$eauthor.
=710  2\$aCentre for Economic Policy Research (Great Britain),$eissuing body.
=830  \0$aDiscussion paper (Centre for Economic Policy Research (Great Britain)) ;$vno. 11153.
=852  41$aBritish Library$bHMNTS$jYK.2018.a.1232
=856  40$uhttp://www.cepr.org/active/publications/discussion_papers/dp.php?dpno=11153
=985  \\$aAwaiting NetCat DDC
=985  \\$aLDLSCP record - no ISBN match on import to BLL01
=CAT  \\$aBATCH-LDLN$b00$c20160606$lBLL01$h2103
=CAT  \\$aBATCH-UPD$b00$c20160606$lBLL01$h2103
=CAT  \\$aWR16_021$c20160720$lBLL01$h1723
=CAT  \\$a10999$b40$c20180308$lBLL01$h1333
=FMT  \\$a  BK
=LAS  \\$a10999$b40$c20180308$lBLL01$h1333

