=LDR  02679 am a2200481 i 4500
=001  017867867
=003  Uk
=005  20180308133125.0
=008  160303s2016\\\\enka\\\\\b\\\\000\0\eng\c
=015  \\$aGBB674186$2bnb
=016  7\$a017867867$2Uk
=020  \\$qpaperback
=035  \\$a(WlAbNL)99653240002419
=040  \\$aGZM$beng$cGZM$dWlAbNL$erda
=042  \\$aukscp
=100  1\$aGiannetti, Mariassunta,$d1971-$eauthor.
=245  10$aInformation sharing and rating manipulation /$cMariassunta Giannetti, Jose Maria Liberti, and Jason Sturgess.
=264  \1$aLondon :$bCentre for Economic Policy Research,$c03 March 2016.
=300  \\$a50 pages :$billustrations (black and white) ;$c21 cm.
=336  \\$atext$2rdacontent
=337  \\$aunmediated$2rdamedia
=338  \\$avolume$2rdacarrier
=490  1\$aDiscussion paper (Centre for Economic Policy Research (Great Britain)),$x0265-8003$aFinancial economics ;$vno. 11154
=500  \\$a"Submitted 3 March 2016".
=504  \\$aIncludes bibliographical references (pages 32-34).
=520  \\$aWe show that banks manipulate the credit ratings of their borrowers before being compelled to share them with competing banks. Using a unique feature on the timing of information disclosure of the Argentinean public credit registry, we disentangle the effect of manipulation from learning of credit ratings. We show that banks downgrade high quality borrowers on which they have positive private information to protect their informational rents. Banks also upgrade low quality borrowers to avoid creditor runs. Our results can explain the limited effectiveness of public credit registries and cast doubt on the use of credit ratings in reducing information asymmetry.
=650  \0$aCredit ratings$zArgentina$xEconometric models.
=650  \0$aBank loans$zArgentina$xEconometric models.
=650  \0$aConsumer credit$zArgentina$xEconometric models.
=700  1\$aLiberti, Jose Maria,$eauthor.
=700  1\$aSturgess, Jason,$eauthor.
=710  2\$aCentre for Economic Policy Research (Great Britain),$eissuing body.
=830  \0$aDiscussion paper (Centre for Economic Policy Research (Great Britain)) ;$vno. 11154.
=852  41$aBritish Library$bHMNTS$jYK.2018.a.1231
=856  40$uhttp://www.cepr.org/active/publications/discussion_papers/dp.php?dpno=11154
=985  \\$aAwaiting NetCat DDC
=985  \\$aLDLSCP record - no ISBN match on import to BLL01
=CAT  \\$aBATCH-LDLN$b00$c20160606$lBLL01$h2103
=CAT  \\$aBATCH-UPD$b00$c20160606$lBLL01$h2103
=CAT  \\$aWR16_021$c20160720$lBLL01$h1723
=CAT  \\$a10999$b40$c20180308$lBLL01$h1331
=FMT  \\$a  BK
=LAS  \\$a10999$b40$c20180308$lBLL01$h1331

