=LDR  03113 am a2200505 i 4500
=001  017867868
=003  Uk
=005  20180308134949.0
=008  160303s2016\\\\enka\\\\\b\\\\000\0\eng\c
=015  \\$aGBB674187$2bnb
=016  7\$a017867868$2Uk
=020  \\$qpaperback
=035  \\$a(WlAbNL)99653240102419
=040  \\$aGZM$beng$cGZM$dOCLCF$dWlAbNL$erda
=042  \\$aukscp
=100  1\$aBreinlich, Holger,$eauthor.
=245  14$aThe impact of trade agreements on consumer welfare /$cHolger Breinlich, Swati Dhingra and Giuseppe Berlingieri.
=264  \1$aLondon :$bCentre for Economic Policy Research,$c02 March 2016.
=300  \\$a22 pages, 8 unnumbered pages :$billustrations (black and white) ;$c21 cm.
=336  \\$atext$btxt$2rdacontent
=336  \\$astill image$bsti$2rdacontent
=337  \\$aunmediated$bn$2rdamedia
=338  \\$avolume$bnc$2rdacarrier
=490  1\$aDiscussion paper (Centre for Economic Policy Research (Great Britain)),$x0265-8003$aInternational trade and regional economics ;$vno. 11148
=500  \\$a"Submitted 2 March 2016".
=504  \\$aIncludes bibliographical references (pages 21-22).
=520  \\$aA central tenet of international economics is that trade liberalization provides welfare gains. This paper contributes to the literature on gains from trade by estimating how trade agreements impact the consumer price index, and by quantifying the sources of their impact on welfare. We infer quality of imported products by estimating demand-side elasticities for the European Union (EU) between 1993 and 2013. Having inferred quality, we estimate the contribution of lower prices, better quality and greater variety to welfare gains from trade agreements. Joining a trade agreement increases welfare through access to higher quality imports. Quality rises by 7% on average, which translates into a cumulative reduction in the consumer price index of 0.18% during the period. Ignoring the quality channel under-estimates the gains from trade agreements because unit values were not significantly impacted by the new agreements.
=650  \0$aInternational trade$xEconometric models.
=650  \0$aForeign trade regulation$xEconometric models.
=650  \0$aImports$zEuropean Union countries$xEconometric models.
=650  \0$aPricing$zEuropean Union countries$xEconometric models.
=700  1\$aDhingra, Swati,$eauthor.
=700  1\$aBerlingieri, Giuseppe,$eauthor.
=710  2\$aCentre for Economic Policy Research (Great Britain),$eissuing body.
=830  \0$aDiscussion paper (Centre for Economic Policy Research (Great Britain)) ;$vno. 11148.
=852  41$aBritish Library$bHMNTS$jYK.2018.a.1242
=856  40$uhttp://www.cepr.org/active/publications/discussion_papers/dp.php?dpno=11148
=985  \\$aAwaiting NetCat DDC
=985  \\$aLDLSCP record - no ISBN match on import to BLL01
=CAT  \\$aBATCH-LDLN$b00$c20160606$lBLL01$h2103
=CAT  \\$aBATCH-UPD$b00$c20160606$lBLL01$h2103
=CAT  \\$aWR16_021$c20160720$lBLL01$h1723
=CAT  \\$a10999$b40$c20180308$lBLL01$h1349
=FMT  \\$a  BK
=LAS  \\$a10999$b40$c20180308$lBLL01$h1349

