=LDR  02925 am a2200493 i 4500
=001  017867869
=003  Uk
=005  20180222133901.0
=008  160315s2016\\\\enka\\\\\b\\\\000\0\eng\c
=015  \\$aGBB674188$2bnb
=016  7\$a017867869$2Uk
=020  \\$qpaperback
=035  \\$a(WlAbNL)99653240502419
=040  \\$aGZM$beng$cGZM$dWlAbNL$erda
=042  \\$aukscp
=100  1\$aAndries, Alin Marius,$eauthor.
=245  14$aThe impact of international swap lines on stock returns of banks in emerging markets /$cAlin Marius Andries, Andreas M. Fischer and Pinar Yesin.
=264  \1$aLondon :$bCentre for Economic Policy Research,$c14 March 2016.
=300  \\$a32 pages :$billustrations (black and white) ;$c21 cm.
=336  \\$atext$2rdacontent
=337  \\$aunmediated$2rdamedia
=338  \\$avolume$2rdacarrier
=490  1\$aDiscussion paper (Centre for Economic Policy Research (Great Britain)),$x0265-8003$aInternational macroeconomics and finance$aMonetary economics and fluctuations ;$vno. 11167
=500  \\$a"Submitted 14 March 2016".
=504  \\$aIncludes bibliographical references (pages 16-18).
=520  \\$aThis paper investigates the impact of international swap lines on stock returns using data from banks in emerging markets. The analysis shows that swap lines by the Swiss National Bank (SNB) had a positive impact on bank stocks in Central and Eastern Europe. It then highlights the importance of individual bank characteristics in identifying the impact of swap lines on bank stocks. Bank-level evidence suggests that stock prices of local and less-well capitalized banks as well as banks with high foreign currency exposures and high reliance on short-term funding responded more strongly to SNB swap lines. This new evidence is consistent with the view that swap lines not only enhanced market liquidity but also reduced risks associated with associated with micro-prudential issues.
=650  \0$aCurrency swaps$xEconometric models.
=650  \0$aInvestments, Foreign$xEconometric models.
=650  \0$aBanks and banking, International$xEconometric models.
=650  \0$aInternational economic relations.
=700  1\$aFischer, Andreas M.,$eauthor.
=700  1\$aYeşin, Pinar,$eauthor.
=710  2\$aCentre for Economic Policy Research (Great Britain),$eissuing body.
=830  \0$aDiscussion paper (Centre for Economic Policy Research (Great Britain)) ;$vno. 11167.
=852  41$aBritish Library$bHMNTS$jYK.2018.a.1040
=856  40$uhttp://www.cepr.org/active/publications/discussion_papers/dp.php?dpno=11167
=985  \\$aAwaiting NetCat DDC
=985  \\$aLDLSCP record - no ISBN match on import to BLL01
=CAT  \\$aBATCH-LDLN$b00$c20160606$lBLL01$h2103
=CAT  \\$aBATCH-UPD$b00$c20160606$lBLL01$h2103
=CAT  \\$aWR16_021$c20160720$lBLL01$h1723
=CAT  \\$a10999$b40$c20180222$lBLL01$h1339
=FMT  \\$a  BK
=LAS  \\$a10999$b40$c20180222$lBLL01$h1339

