=LDR  02539 am a2200481 i 4500
=001  017867870
=003  Uk
=005  20180308132841.0
=008  160303s2016\\\\enka\\\\\b\\\\000\0\eng\c
=015  \\$aGBB674189$2bnb
=016  7\$a017867870$2Uk
=020  \\$qpaperback
=035  \\$a(WlAbNL)99653241402419
=040  \\$aGZM$beng$cGZM$dWlAbNL$erda
=042  \\$aukscp
=100  1\$aGiannetti, Mariassunta,$d1971-$eauthor.
=245  10$aWho trades against mispricing? /$cMariassunta Giannetti and Bige Kahraman.
=264  \1$aLondon :$bCentre for Economic Policy Research,$c03 March 2016.
=300  \\$a72 pages :$billustrations (black and white) ;$c21 cm.
=336  \\$atext$btxt$2rdacontent
=336  \\$astill image$bsti$2rdacontent
=337  \\$aunmediated$bn$2rdamedia
=338  \\$avolume$bnc$2rdacarrier
=490  1\$aDiscussion paper (Centre for Economic Policy Research (Great Britain)),$x0265-8003$aFinancial economics ;$vno. 11156
=500  \\$a"Submitted 3 March 2016".
=504  \\$aIncludes bibliographical references (pages 38-41).
=520  \\$aWe provide evidence that open-end structures undermine asset managers' incentives to attack long-term mispricing. First, we compare open-end funds with closed-end funds. Closed-end funds purchase more underpriced stocks than open-end funds, especially if the stocks involve high arbitrage risk. We then show that hedge funds with high share restrictions, having a lower degree of open-ending, also trade against long-term mispricing to a larger extent than other hedge funds. Our analysis suggests that open-end organizational structures are an impediment to arbitrage.
=650  \0$aArbitrage$xEconometric models.
=650  \0$aAssets (Accounting)$xPrices$xEconometric models.
=650  \0$aHedge funds$xPrices$xEconometric models.
=700  1\$aKahraman, Bige,$eauthor.
=710  2\$aCentre for Economic Policy Research (Great Britain),$eissuing body.
=830  \0$aDiscussion paper (Centre for Economic Policy Research (Great Britain)) ;$vno. 11156.
=852  41$aBritish Library$bHMNTS$jYK.2018.a.1228
=856  40$uhttp://www.cepr.org/active/publications/discussion_papers/dp.php?dpno=11156
=985  \\$aAwaiting NetCat DDC
=985  \\$aLDLSCP record - no ISBN match on import to BLL01
=CAT  \\$aBATCH-LDLN$b00$c20160606$lBLL01$h2103
=CAT  \\$aBATCH-UPD$b00$c20160606$lBLL01$h2103
=CAT  \\$aWR16_021$c20160720$lBLL01$h1723
=CAT  \\$a10999$b40$c20180308$lBLL01$h1328
=FMT  \\$a  BK
=LAS  \\$a10999$b40$c20180308$lBLL01$h1328

