=LDR  03393 am a2200517 i 4500
=001  017867871
=003  Uk
=005  20180222140404.0
=008  160322s2016\\\\enkab\\\\b\\\\000\0\eng\c
=015  \\$aGBB674190$2bnb
=016  7\$a017867871$2Uk
=020  \\$qpaperback
=035  \\$a(WlAbNL)99653241702419
=040  \\$aGZM$beng$cGZM$dWlAbNL$erda
=042  \\$aukscp
=100  1\$aDoraszelski, Ulrich,$eauthor.
=245  10$aOwnership concentration and strategic supply reduction /$cUlrich Doraszelski, Katja Seim, Michael Sinkinson and Peichun Wang.
=264  \1$aLondon :$bCentre for Economic Policy Research,$c17 March 2016.
=300  \\$a58 pages :$billustrations (black and white), 1 map (black and white) ;$c21 cm.
=336  \\$atext$btxt$2rdacontent
=336  \\$astill image$bsti$2rdacontent
=336  \\$acartographic image$2rdacontent
=337  \\$aunmediated$bn$2rdamedia
=338  \\$avolume$bnc$2rdacarrier
=490  1\$aDiscussion paper (Centre for Economic Policy Research (Great Britain)),$x0265-8003$aIndustrial organization ;$vno. 11173
=500  \\$a"Submitted 17 March 2016".
=504  \\$aIncludes bibliographical references (pages 39-41).
=520  \\$aWe explore ownership concentration as a means to seek rents in the context of the U.S. government's planned acquisition of broadcast TV licenses in the upcoming incentive auction. We document the significant purchases of licenses by private equity firms in the run-up to this auction and perform a prospective analysis of the effect of firms controlling multiple licenses on the outcome of the auction. Our results show that multi-license holders are able to earn large rents from a supply reduction strategy where they strategically withhold some of their licenses from the auction to drive up the closing price for the remaining licenses they own. Relative to the case where each license is bid into the auction independently, spectrum acquisition costs increase by one third to one half. Strategic behavior by multi-license holders reduces economic efficiency as the set of licenses surrendered into the auction is not the socially optimal set. A case study illustrates the mechanism in a specific local media market. We propose a partial remedy that mitigates the effect of ownership concentration and reduces the distortion in payouts to broadcast TV license holders by one to two thirds.
=650  \0$aAuctions$zUnited States$xEconometric models.
=650  \0$aCompetition$zUnited States$xEconometric models.
=650  \0$aMass media$xOwnership$zUnited States$xEconometric models.
=700  1\$aSeim, Katja,$eauthor.
=700  1\$aSinkinson, Michael,$eauthor.
=700  1\$aWang, Peichun,$eauthor.
=710  2\$aCentre for Economic Policy Research (Great Britain),$eissuing body.
=830  \0$aDiscussion paper (Centre for Economic Policy Research (Great Britain)) ;$vno. 11173.
=852  41$aBritish Library$bHMNTS$jYK.2018.a.1052
=856  40$uhttp://www.cepr.org/active/publications/discussion_papers/dp.php?dpno=11173
=985  \\$aAwaiting NetCat DDC
=985  \\$aLDLSCP record - no ISBN match on import to BLL01
=CAT  \\$aBATCH-LDLN$b00$c20160606$lBLL01$h2103
=CAT  \\$aBATCH-UPD$b00$c20160606$lBLL01$h2103
=CAT  \\$aWR16_021$c20160720$lBLL01$h1723
=CAT  \\$a10999$b40$c20180222$lBLL01$h1404
=FMT  \\$a  BK
=LAS  \\$a10999$b40$c20180222$lBLL01$h1404

