=LDR  02937 am a2200517 i 4500
=001  017909781
=003  Uk
=005  20180220141122.0
=008  160323s2016\\\\enka\\\\\b\\\\000\0\eng\c
=015  \\$aGBB688887$2bnb
=016  7\$a017909781$2Uk
=020  \\$qpaperback
=035  \\$a(WlAbNL)99637442702419
=035  \\$a(StEdALDL)1/3419151
=035  \\$a(UkOxU)020543832
=040  \\$aStEdALDL$beng$cStEdALDL$dWlAbNL$erda
=042  \\$aukscp
=100  1\$aDo, Quoc-Anh,$eauthor.
=245  10$aOne Mandarin benefits the whole clan :$bhometown favoritism in an authoritarian regime /$cQuoc-Anh Do, Kieu-Trang Nguyen and Anh Tran.
=264  \1$aLondon :$bCentre for Economic Policy Research,$c20 February 2016.
=300  \\$a38 pages, 8 unnumbered pages, 16 pages, 3 unnumbered pages :$billustrations (black and white) ;$c21 cm.
=336  \\$atext$btxt$2rdacontent
=336  \\$astill image$bsti$2rdacontent
=337  \\$aunmediated$bn$2rdamedia
=338  \\$avolume$bnc$2rdacarrier
=490  1\$aDiscussion paper series (Centre for Economic Policy Research (Great Britain),$x0265-8003$aDevelopment economics$aPublic economics ;$vno. 11126
=500  \\$a"Submitted 20 February 2016."
=504  \\$aIncludes bibliographical references (pages 34-38, 16 (second set)).
=520  \\$aWe study patronage politics in authoritarian Vietnam, using an exhaustive panel of 603 ranking officials from 2000 to 2010 to estimate their promotions' impact on infrastructure in their hometowns of patrilineal ancestry. Native officials' promotions lead to a broad range of hometown infrastructure improvement. Hometown favoritism is pervasive across all ranks, even among officials without budget authority, except among elected legislators. Favors are narrowly targeted towards small communes that have no political power, and are strengthened with bad local governance and strong local family values. The evidence suggests a likely motive of social preferences for hometown.
=650  \0$aPatronage, Political$xEconomic aspects$zVietnam.
=650  \0$aEconomic development$zVietnam.
=651  \0$aVietnam$xPolitics and government$y21st century.
=700  1\$aNguyen, Kieu-Trang,$eauthor.
=700  1\$aTran, Anh$c(College teacher),$eauthor.
=710  2\$aCentre for Economic Policy Research (Great Britain),$eissuing body.
=830  \0$aDiscussion paper (Centre for Economic Policy Research (Great Britain)) ;$vno. 11126.
=852  41$aBritish Library$bHMNTS$jYK.2018.a.964
=856  40$uhttp://www.cepr.org/active/publications/discussion_papers/dp.php?dpno=11126
=985  \\$aAwaiting NetCat DDC
=985  \\$aLDLSCP record - no ISBN match on import to BLL01
=CAT  \\$aBATCH-LDLN$b00$c20160704$lBLL01$h2056
=CAT  \\$aBATCH-UPD$b00$c20160704$lBLL01$h2057
=CAT  \\$aBATCH-016$c20170426$lBLL01$h2157
=CAT  \\$a10999$b40$c20180220$lBLL01$h1411
=FMT  \\$a  BK
=LAS  \\$a10999$b40$c20180220$lBLL01$h1411

