=LDR  02924 am a2200493 i 4500
=001  017933618
=003  Uk
=005  20180319134223.0
=008  160620s2016\\\\enka\\\\\b\\\\000\0\eng\c
=015  \\$aGBB698140$2bnb
=016  7\$a017933618$2Uk
=020  \\$qpaperback
=035  \\$a(WlAbNL)99666347202419
=035  \\$a(StEdALDL)1/3457794
=035  \\$a(UkOxU)020604973
=040  \\$aStEdALDL$beng$cStEdALDL$dWlAbNL$erda
=042  \\$aukscp
=100  1\$aBilbiie, Florin Ovidiu,$eauthor.
=245  10$aOptimal forward guidance /$cFlorin Ovidiu Bilbiie.
=264  \1$aLondon :$bCentre for Economic Policy Research,$c30 April 2016.
=300  \\$a21, A-7 pages :$billustrations (black and white) ;$c21 cm.
=336  \\$atext$btxt$2rdacontent
=336  \\$astill image$bsti$2rdacontent
=337  \\$aunmediated$bn$2rdamedia
=338  \\$avolume$bnc$2rdacarrier
=490  1\$aDiscussion paper (Centre for Economic Policy Research (Great Britain)),$x0265-8003$aMonetary economics and fluctuations ;$vno. 11251
=504  \\$aIncludes bibliographical references (pages 19-21).
=520  \\$aFor how long should central banks prolong a low interest rates policy beyond the end of a liquidity trap? I solve analytically for the optimal, welfare-maximizing duration of forward guidance FG, modelled stochastically -- through a probability of low interest rates once out of the trap. Optimal FG balances the welfare benefit of higher consumption (and lower volatility) today with the welfare cost of higher consumption volatility once the trap is over. Its main determinants are the trap duration and the severity of the recession. Reassuringly for policymakers, a simple rule consisting of announcing an expected FG duration equal to half the duration of the trap, times a factor proportional to interest rate spreads is close to optimal. I extend this analytical apparatus to more sophisticated models with heterogenous agents: informational asymmetries, and financial frictions.
=650  \0$aMonetary policy$xEconometric models.
=650  \0$aBanks and banking, Central$xEconometric models.
=650  \0$aLiquidity (Economics)$xEconometric models.
=650  \0$aInterest rates$xEconometric models.
=710  2\$aCentre for Economic Policy Research (Great Britain),$eissuing body.
=830  \0$aDiscussion paper (Centre for Economic Policy Research (Great Britain)) ;$vno. 11251.
=852  41$aBritish Library$bHMNTS$jYKL.2018.a.5068
=856  40$uhttp://www.cepr.org/active/publications/discussion_papers/dp.php?dpno=11251
=985  \\$aAwaiting NETCAT record - item sent to shelf
=985  \\$aLDLSCP record - no ISBN match on import to BLL01
=CAT  \\$aBATCH-LDLN$b00$c20160718$lBLL01$h2106
=CAT  \\$aBATCH-UPD$b00$c20160718$lBLL01$h2106
=CAT  \\$aWR16_021$c20160803$lBLL01$h1656
=CAT  \\$a7359$b40$c20180319$lBLL01$h1342
=FMT  \\$a  BK
=LAS  \\$a7359$b40$c20180319$lBLL01$h1342

