=LDR  03477 am a2200505 i 4500
=001  017933619
=003  Uk
=005  20180319134354.0
=008  160620s2016\\\\enk\\\\\\b\\\\000\0\eng\c
=015  \\$aGBB698141$2bnb
=016  7\$a017933619$2Uk
=020  \\$qpaperback
=035  \\$a(WlAbNL)99666349002419
=035  \\$a(StEdALDL)1/3457792
=035  \\$a(UkOxU)020604971
=040  \\$aStEdALDL$beng$cStEdALDL$dWlAbNL$erda
=042  \\$aukscp
=100  1\$aAli, S. Nageeb,$eauthor.
=245  10$aImage versus information :$bchanging societal norms and optimal privacy /$cS. Nageeb Ali and Roland Benabou.
=246  13$aImage vs. information
=264  \1$aLondon :$bCentre for Economic Policy Research,$c26 April 2016.
=300  \\$a34 pages ;$c21 cm.
=336  \\$atext$btxt$2rdacontent
=337  \\$aunmediated$bn$2rdamedia
=338  \\$avolume$bnc$2rdacarrier
=490  1\$aDiscussion paper (Centre for Economic Policy Research (Great Britain)),$x0265-8003$aDevelopment economics$aIndustrial organization$aPublic economics ;$vno. 11249
=500  \\$a"Submitted 26 April 2016."
=504  \\$aIncludes bibliographical references (pages 31-34).
=520  \\$aWe analyze the costs and benefits of using social image to foster virtuous behavior. A Principal seeks to motivate reputation-conscious agents to supply a public good. Each agent chooses how much to contribute based on his own mix of public-spiritedness, private signal about the value of the public good, and reputational concern for appearing prosocial. By making individual behavior more visible to the community the Principal can amplify reputational payoffs, thereby reducing free-riding at low cost. Because societal preferences constantly evolve, however, she knows only imperfectly both the social value of the public good (which matters for choosing her own investment, matching rate or legal policy) and the importance attached by agents to social esteem and sanctions. Increasing publicity makes it harder for the Principal to learn from what agents do (the "descriptive norm") what they really value (the "prescriptive norm"), thus presenting her with a tradeoff between incentives and information aggregation. We derive the optimal degree of privacy/publicity and matching rate, then analyze how they depend on the economy's stochastic and informational structure. We show in particular that in a fast-changing society (greater variability in the fundamental or the image-motivated component of average preferences), privacy should generally be greater than in a more static one.
=650  \0$aIncentive (Psychology)$xEconomic aspects.
=650  \0$aSocial influence$xEconomic aspects.
=650  \0$aSocial norms$xEconomic aspects.
=700  1\$aBenabou, Roland,$eauthor.
=710  2\$aCentre for Economic Policy Research (Great Britain),$eissuing body.
=830  \0$aDiscussion paper (Centre for Economic Policy Research (Great Britain)) ;$vno. 11249.
=852  41$aBritish Library$bHMNTS$jYKL.2018.a.5071
=856  40$uhttp://www.cepr.org/active/publications/discussion_papers/dp.php?dpno=11249
=985  \\$aAwaiting NETCAT record - item sent to shelf
=985  \\$aLDLSCP record - no ISBN match on import to BLL01
=CAT  \\$aBATCH-LDLN$b00$c20160718$lBLL01$h2106
=CAT  \\$aBATCH-UPD$b00$c20160718$lBLL01$h2106
=CAT  \\$aWR16_021$c20160803$lBLL01$h1656
=CAT  \\$a7359$b40$c20180319$lBLL01$h1343
=FMT  \\$a  BK
=LAS  \\$a7359$b40$c20180319$lBLL01$h1343

