=LDR  02815 am a2200505 i 4500
=001  017933621
=003  Uk
=005  20180324110323.0
=008  160620s2016\\\\enka\\\\\\\b\\000\0\eng\c
=015  \\$aGBB698143$2bnb
=016  7\$a017933621$2Uk
=020  \\$qpaperback
=035  \\$a(WlAbNL)99666731902419
=035  \\$a(StEdALDL)1/3457776
=035  \\$a(UkOxU)020604955
=040  \\$aStEdALDL$beng$cStEdALDL$dWlAbNL$erda
=042  \\$aukscp
=100  1\$aChoi, Jay Pil,$eauthor.
=245  10$aYou are judged by the company you keep :$breputation leverage in vertically related markets /$cJay-Pil Choi and Martin Peitz.
=264  \1$aLondon :$bCentre for Economic Policy Research,$c2016.
=300  \\$a30 pages :$billustrations (black and white) ;$c21 cm.
=336  \\$atext$btxt$2rdacontent
=336  \\$astill image$bsti$2rdacontent
=337  \\$aunmediated$bn$2rdamedia
=338  \\$avolume$bnc$2rdacarrier
=490  1\$aDiscussion paper (Centre for Economic Policy Research (Great Britain)),$x0265-8003$aIndustrial organization ;$vno. 11220
=500  \\$a"Submitted 08 April 2016".
=504  \\$aIncludes bibliographical references (pages 28-30).
=520  \\$aThis paper analyzes a mechanism through which a supplier of unknown quality can overcome its asymmetric information problem by selling via a reputable downstream firm. The supplier's adverse-selection problem can be solved if the downstream firm has established a reputation for delivering high quality vis-à-vis the supplier. The supplier may enter the market by initially renting the downstream firm's reputation. The downstream firm may optimally source its input externally, even though sourcing internally would be better in terms of productive efficiency. Since an entrant in the downstream market may lack reputation, it may suffer from a reputational barrier to entry arising from higher input costs.
=650  \0$aBranding (Marketing)$xEconometric models.
=650  \0$aBarriers to entry (Industrial organization)$xEconometric models.
=700  1\$aPeitz, Martin,$eauthor.
=710  2\$aCentre for Economic Policy Research (Great Britain),$eissuing body.
=830  \0$aDiscussion paper (Centre for Economic Policy Research (Great Britain)) ;$vno. 11220.
=852  41$aBritish Library$bHMNTS$jYK.2018.a.1555
=856  40$uhttp://www.cepr.org/active/publications/discussion_papers/dp.php?dpno=11220
=985  \\$aAwaiting NetCat DDC
=985  \\$aLDLSCP record - no ISBN match on import to BLL01
=CAT  \\$aBATCH-LDLN$b00$c20160718$lBLL01$h2106
=CAT  \\$aBATCH-UPD$b00$c20160718$lBLL01$h2106
=CAT  \\$aWR16_021$c20160727$lBLL01$h1654
=CAT  \\$a5004$b40$c20180324$lBLL01$h1103
=CAT  \\$aBATCH-UPD$b40$c20190405$lBLL01$h2034
=FMT  \\$a  BK
=LAS  \\$aBATCH-UPD$b40$c20190405$lBLL01$h2034

