=LDR  02675 am a2200505 i 4500
=001  017933622
=003  Uk
=005  20180320142135.0
=008  160621s2016\\\\enka\\\\\b\\\\000\0\eng\c
=015  \\$aGBB698144$2bnb
=016  7\$a017933622$2Uk
=020  \\$qpaperback
=035  \\$a(WlAbNL)99667443302419
=035  \\$a(StEdALDL)1/3458139
=035  \\$a(UkOxU)020609620
=040  \\$aStEdALDL$beng$cStEdALDL$dWlAbNL$erda
=042  \\$aukscp
=100  1\$aGrauwe, Paul de,$eauthor.
=245  10$aInternational correlation of business cycles in a behavioral macroeconomic model /$cPaul De Grauwe and Yuemei Ji.
=264  \1$aLondon :$bCentre for Economic Policy Research,$c02 May 2016.
=300  \\$a44 pages :$billustrations (black and white) ;$c21 cm.
=336  \\$atext$btxt$2rdacontent
=336  \\$astill image$bsti$2rdacontent
=337  \\$aunmediated$bn$2rdamedia
=338  \\$avolume$bnc$2rdacarrier
=490  1\$aDiscussion paper (Centre for Economic Policy Research (Great Britain)),$x0265-8003$aInternational macroeconomics and finance ;$vno. 11257
=500  \\$a"Submitted 02 May 2016".
=504  \\$aIncludes bibliographical references (pages 34-35).
=520  \\$aBusiness cycles among industrial countries are highly correlated. We develop a two-country behavioral macroeconomic model where the synchronization of the business cycle is produced endogenously. The main channel of synchronization occurs through a propagation of "animal spirits", i.e. waves of optimism and pessimism that become correlated internationally. We find that this propagation occurs with relatively low levels of trade integration. We do not need a correlation of exogenous shocks to generate synchronization. We also empirically test the main predictions of the model.
=650  \0$aBusiness cycles$xEconometric models.
=650  \0$aEconomics$xPsychological aspects$xEconometric models.
=650  \0$aBelief and doubt$xEconomic aspects.
=700  1\$aJi, Yuemei,$eauthor.
=710  2\$aCentre for Economic Policy Research (Great Britain),$eissuing body.
=830  \0$aDiscussion paper (Centre for Economic Policy Research (Great Britain)) ;$vno. 11257.
=852  41$aBritish Library$bHMNTS$jYKL.2018.a.5218
=856  40$uhttp://www.cepr.org/active/publications/discussion_papers/dp.php?dpno=11257
=985  \\$aAwaiting NetCat DDC
=985  \\$aLDLSCP record - no ISBN match on import to BLL01
=CAT  \\$aBATCH-LDLN$b00$c20160718$lBLL01$h2106
=CAT  \\$aBATCH-UPD$b00$c20160718$lBLL01$h2106
=CAT  \\$aWR16_021$c20160803$lBLL01$h1656
=CAT  \\$a7359$b40$c20180320$lBLL01$h1421
=FMT  \\$a  BK
=LAS  \\$a7359$b40$c20180320$lBLL01$h1421

