=LDR  03422 am a2200529 i 4500
=001  017933623
=003  Uk
=005  20180320140148.0
=008  160621s2016\\\\enka\\\\\\\b\\000\0\eng\c
=015  \\$aGBB698145$2bnb
=016  7\$a017933623$2Uk
=020  \\$qpaperback
=035  \\$a(WlAbNL)99667443602419
=035  \\$a(StEdALDL)1/3458037
=035  \\$a(UkOxU)020609533
=040  \\$aStEdALDL$beng$cStEdALDL$dWlAbNL$erda
=042  \\$aukscp
=100  1\$aBeaudry, Paul,$d1960-$eauthor.
=245  10$aIs the macroeconomy locally unstable and why should we care? /$cPaul Beaudry, Dana Galizia and Franck Portier.
=264  \1$aLondon :$bCentre for Economic Policy Research,$c31 May 2016.
=300  \\$a50 pages :$billustrations (black and white) ;$c21 cm.
=336  \\$atext$btxt$2rdacontent
=336  \\$astill image$bsti$2rdacontent
=337  \\$aunmediated$bn$2rdamedia
=338  \\$avolume$bnc$2rdacarrier
=490  1\$aDiscussion paper (Centre for Economic Policy Research (Great Britain)),$x0265-8003$aMonetary economics and fluctuations ;$vno. 11305
=500  \\$a"Submitted 31 May 2016."
=504  \\$aIncludes bibliographical references (page 46).
=520  \\$aIn most modern macroeconomic models, the steady state (or balanced growth path) of the system is a local attractor, in the sense that, in the absence of shocks, the economy would converge to the steady state. In this paper, we examine whether the time series behavior of macroeconomic aggregates (especially labor market aggregates) is in fact supportive of this local-stability view of macroeconomic dynamics, or if it instead favors an alternative interpretation in which the macroeconomy may be better characterized as being locally unstable, with nonlinear deterministic forces capable of producing endogenous cyclical behavior. To do this, we extend a standard AR representation of the data to allow for smooth nonlinearities. Our main finding is that, even using a procedure that may have low power to detect local instability, the data provide intriguing support for the view that the macroeconomy may be locally unstable and involve limit-cycle forces. An interesting finding is that the degree of nonlinearity we detect in the data is small, but nevertheless enough to alter the description of macroeconomic behavior. We complete the paper with a discussion of the extent to which these two different views about the inherent dynamics of the macroeconomy may matter for policy.
=650  \0$aUnemployment$xEconometric models.
=650  \0$aLimit cycles$xEconometric models.
=650  \0$aMacroeconomics.
=700  1\$aGalizia, Dana,$eauthor.
=700  1\$aPortier, Franck,$eauthor.
=710  2\$aCentre for Economic Policy Research (Great Britain),$eissuing body.
=830  \0$aDiscussion paper (Centre for Economic Policy Research (Great Britain)) ;$vno. 11305.
=852  41$aBritish Library$bHMNTS$jYKL.2018.a.5194
=856  40$uhttp://www.cepr.org/active/publications/discussion_papers/dp.php?dpno=11305
=985  \\$aLDLSCP record - no ISBN match on import to BLL01
=985  \\$aAwaiting NetCat DDC
=CAT  \\$aBATCH-LDLN$b00$c20160718$lBLL01$h2106
=CAT  \\$aBATCH-UPD$b00$c20160718$lBLL01$h2106
=CAT  \\$aWR16_021$c20160803$lBLL01$h1656
=CAT  \\$a7359$b40$c20180320$lBLL01$h1340
=CAT  \\$a7359$b40$c20180320$lBLL01$h1401
=FMT  \\$a  BK
=LAS  \\$a7359$b40$c20180320$lBLL01$h1401

