=LDR  03304 am a2200517 i 4500
=001  017933624
=003  Uk
=005  20180320143847.0
=008  160621s2016\\\\enk\\\\\\b\\\\000\0\eng\c
=015  \\$aGBB698146$2bnb
=016  7\$a017933624$2Uk
=020  \\$qpaperback
=035  \\$a(WlAbNL)99667443702419
=035  \\$a(StEdALDL)1/3458098
=035  \\$a(UkOxU)020609593
=040  \\$aStEdALDL$beng$cStEdALDL$dWlAbNL$erda
=042  \\$aukscp
=100  1\$aAptus, Elias,$eauthor.
=245  10$aOn the economics of crisis contracts /$cElias Aptus, Volker Britz and Hans Gersbach.
=264  \1$aLondon :$bCentre for Economic Policy Research,$c10 May 2016.
=300  \\$a44 pages ;$c21 cm.
=336  \\$atext$btxt$2rdacontent
=337  \\$aunmediated$bn$2rdamedia
=338  \\$avolume$bnc$2rdacarrier
=490  1\$aDiscussion paper (Centre for Economic Policy Research (Great Britain)),$x0265-8003$aFinancial economics$aIndustrial organization$aPublic economics ;$vno. 11267
=500  \\$a"Submitted 10 May 2016".
=500  \\$aAuthors listed on HTML article page as: Aptus Elias, Hans Gersbach, Britz Volker.
=504  \\$aIncludes bibliographical references (pages 43-44).
=520  \\$aWe examine the impact of so-called "Crisis Contracts" on bank managers' risk-taking incentives and on the probability of banking crises. Under a Crisis Contract, managers are required to contribute a pre-specified share of their past earnings to finance public rescue funds when a crisis occurs. This can be viewed as a retroactive tax that is levied only when a crisis occurs and that leads to a form of collective liability for bank managers. We develop a game-theoretic model of a banking sector whose shareholders have limited liability, so that society at large will suffer losses if a crisis occurs. Without Crisis Contracts, the managers' and shareholders' interests are aligned, and managers take more than the socially optimal level of risk. We investigate how the introduction of Crisis Contracts changes the equilibrium level of risk-taking and the remuneration of bank managers. We establish conditions under which the introduction of Crisis Contracts will reduce the probability of a banking crisis and improve social welfare. We explore how Crisis Contracts and capital requirements can supplement each other and we show that the efficacy of Crisis Contracts is not undermined by attempts to hedge.
=650  \0$aFinancial crises$xPrevention.
=650  \0$aBank management.
=650  \0$aFinancial risk management.
=700  1\$aBritz, Volker,$eauthor.
=700  1\$aGersbach, Hans,$eauthor.
=710  2\$aCentre for Economic Policy Research (Great Britain),$eissuing body.
=830  \0$aDiscussion paper (Centre for Economic Policy Research (Great Britain)) ;$vno. 11267.
=852  41$aBritish Library$bHMNTS$jYKL.2018.a.5234
=856  40$uhttp://www.cepr.org/active/publications/discussion_papers/dp.php?dpno=11267
=985  \\$aAwaiting NetCat DDC
=985  \\$aLDLSCP record - no ISBN match on import to BLL01
=CAT  \\$aBATCH-LDLN$b00$c20160718$lBLL01$h2106
=CAT  \\$aBATCH-UPD$b00$c20160718$lBLL01$h2106
=CAT  \\$aWR16_021$c20160803$lBLL01$h1656
=CAT  \\$a7359$b40$c20180320$lBLL01$h1438
=FMT  \\$a  BK
=LAS  \\$a7359$b40$c20180320$lBLL01$h1438

