=LDR  03076 am a2200517 i 4500
=001  017933625
=003  Uk
=005  20180320140926.0
=008  160621s2016\\\\enka\\\\\b\\\\000\0\eng\c
=015  \\$aGBB698147$2bnb
=016  7\$a017933625$2Uk
=020  \\$qpaperback
=035  \\$a(WlAbNL)99667443802419
=035  \\$a(StEdALDL)1/3458144
=035  \\$a(UkOxU)020609624
=040  \\$aStEdALDL$beng$cStEdALDL$dWlAbNL$erda
=042  \\$aukscp
=100  1\$aKaplan, Greg,$d1978-$eauthor.
=245  10$aNon-durable consumption and housing net worth in the great recession :$bevidence from easily accessible data /$cGreg Kaplan, Kurt Mitman and Giovanni L. Violante.
=264  \1$aLondon :$bCentre for Economic Policy Research,$c02 May 2016.
=300  \\$a19 pages :$billustrations (black and white) ;$c21 cm.
=336  \\$atext$btxt$2rdacontent
=336  \\$astill image$bsti$2rdacontent
=337  \\$aunmediated$bn$2rdamedia
=338  \\$avolume$bnc$2rdacarrier
=490  1\$aDiscussion paper (Centre for Economic Policy Research (Great Britain)),$x0265-8003$aMonetary economics and fluctuations ;$vno. 11255
=500  \\$a"Submitted 02 May 2016".
=504  \\$aIncludes bibliographical references (pages 18-19).
=520  \\$aIn an influential paper, Mian, Rao and Sufi (2013) exploit geographic variation in housing supply elasticities to measure the effect of changes in the housing share of net worth on total household expenditures during the Great Recession. Their widely-cited estimates are based on proprietary house price data, and use new vehicle registrations as the main proxy for total spending. We revisit their study using different, publicly available data on house prices, and an easily-accessible proxy for expenditures in non-durable goods. We re-affirm their findings in our data, and refine their analysis in several dimensions: (i) we separate the roles of falling house prices and initial leverage; (ii) we distinguish the effects on real consumption versus nominal expenditures; and (iii) we infer the implied elasticity of total non-durable expenditures in goods and services to housing net worth.
=650  \0$aHousing$xPrices$xEconometric models.
=650  \0$aConsumption (Economics)$xEconometric models.
=650  \0$aRecessions$xEconometric models.
=700  1\$aMitman, Kurt E.,$eauthor.
=700  1\$aViolante, Giovanni L.,$eauthor.
=710  2\$aCentre for Economic Policy Research (Great Britain),$eissuing body.
=830  \0$aDiscussion paper (Centre for Economic Policy Research (Great Britain)) ;$vno. 11255.
=852  41$aBritish Library$bHMNTS$jYKL.2018.a.5208
=856  40$uhttp://www.cepr.org/active/publications/discussion_papers/dp.php?dpno=11255
=985  \\$aAwaiting NetCat DDC
=985  \\$aLDLSCP record - no ISBN match on import to BLL01
=CAT  \\$aBATCH-LDLN$b00$c20160718$lBLL01$h2106
=CAT  \\$aBATCH-UPD$b00$c20160718$lBLL01$h2106
=CAT  \\$aWR16_021$c20160803$lBLL01$h1656
=CAT  \\$a7359$b40$c20180320$lBLL01$h1409
=FMT  \\$a  BK
=LAS  \\$a7359$b40$c20180320$lBLL01$h1409

