=LDR  02862 am a2200493 i 4500
=001  017950375
=003  Uk
=005  20180319134937.0
=008  160617s2016\\\\enka\\\\\\\b\\000\0\eng\c
=015  \\$aGBB6A2871$2bnb
=016  7\$a017950375$2Uk
=020  \\$qpaperback
=035  \\$a(WlAbNL)99668655702419
=035  \\$a(StEdALDL)1/3457743
=035  \\$a(UkOxU)020604928
=040  \\$aStEdALDL$beng$cStEdALDL$dWlAbNL$erda
=042  \\$aukscp
=100  1\$aWickens, Mike,$eauthor.
=245  10$aIs there an alternative way to avoid another eurozone crisis to the Five Presidents' Report? /$cMichael R. Wickens.
=264  \1$aLondon :$bCentre for Economic Policy Research,$c11 April 2016.
=300  \\$a25 pages :$billustrations (black and white) ;$c21 cm.
=336  \\$atext$btxt$2rdacontent
=336  \\$astill image$bsti$2rdacontent
=337  \\$aunmediated$bn$2rdamedia
=338  \\$avolume$bnc$2rdacarrier
=490  1\$aDiscussion paper (Centre for Economic Policy Research (Great Britain)),$x0265-8003$aMonetary economics and fluctuations ;$v11225
=500  \\$a"Submitted 11 April 2016".
=504  \\$aIncludes bibliographical references (page 25).
=520  \\$aThe EU Commission's Five Presidents' Report proposes new rules for the eurozone covering fiscal policy, banking and financial markets designed to avert another eurozone crisis. This paper examines the causes of the current eurozone crisis and discusses whether the Report's proposals are likely to succeed. It is argued that the main causes of the crisis were EMU and the failure of financial markets to price risk correctly. It is claimed that the Report may not solve these problems. Having already lost their monetary policy instrument, the Report's fiscal proposals would remove their fiscal policy instrument too and deprive countries of the means of economic stabilisation. The proposals would also transfer to an undemocratic and unaccountable Commission important national competences.
=650  \0$aFiscal policy$zEuropean Union countries.
=650  \0$aMonetary policy$zEuropean Union countries.
=650  \0$aFinancial crises$zEuropean Union countries.
=710  2\$aCentre for Economic Policy Research (Great Britain),$eissuing body.
=830  \0$aDiscussion paper (Centre for Economic Policy Research (Great Britain)) ;$v11225.
=852  41$aBritish Library$bHMNTS$jYKL.2018.a.5080
=856  40$uhttp://www.cepr.org/active/publications/discussion_papers/dp.php?dpno=11225
=985  \\$aAwaiting NETCAT record - item sent to shelf
=985  \\$aLDLSCP record - no ISBN match on import to BLL01
=CAT  \\$aBATCH-LDLN$b00$c20160801$lBLL01$h2123
=CAT  \\$aBATCH-UPD$b00$c20160801$lBLL01$h2124
=CAT  \\$aBATCH-016$c20170628$lBLL01$h2157
=CAT  \\$a7359$b40$c20180319$lBLL01$h1349
=FMT  \\$a  BK
=LAS  \\$a7359$b40$c20180319$lBLL01$h1349

