=LDR  03333 am a2200529 i 4500
=001  017975923
=003  Uk
=005  20180320141130.0
=008  160621s2016\\\\enka\\\\\b\\\\000\0\eng\c
=015  \\$aGBB6B2276$2bnb
=016  7\$a017975923$2Uk
=020  \\$qpaperback
=035  \\$a(WlAbNL)99666492802419
=035  \\$a(StEdALDL)1/3458099
=035  \\$a(UkOxU)020609594
=040  \\$aStEdALDL$beng$cStEdALDL$dWlAbNL$erda
=042  \\$aukscp
=100  1\$aBoltho, Andrea,$eauthor.
=245  10$aWhy East Germany did not become a new Mezzogiorno /$cAndrea Boltho, Wendy Carlin and Pasquale Scaramozzino.
=264  \1$aLondon :$bCentre for Economic Policy Research,$c10 May 2016.
=300  \\$a31 pages :$billustrations (black and white) ;$c21 cm.
=336  \\$atext$btxt$2rdacontent
=336  \\$astill image$bsti$2rdacontent
=337  \\$aunmediated$bn$2rdamedia
=338  \\$avolume$bnc$2rdacarrier
=490  1\$aDiscussion paper (Centre for Economic Policy Research (Great Britain)),$x0265-8003$aMacroeconomics and growth ;$vno. 11266
=500  \\$a"Submitted 10 May 2016."
=504  \\$aIncludes bibliographical references (pages 28-31).
=520  \\$aIn an earlier paper (Journal of Comparative Economics, 1997) the authors argued, against the conventional wisdom of the time, that East Germany was unlikely to follow a development path similar to that of the Italian Mezzogiorno. This paper revisits the issue some 25 years after German reunification. Statistical tests show that the absence of income per capita convergence between South and North that has characterized Italy since the war, continued over the last two or more decades. Germany, on the other hand, has, over the same period, seen significant income convergence between East and West. The main explanations that are provided for such contrasting outcomes stress differences between the two countries (and within the two countries) in investment performance, in labour market flexibility, and, in particular, in developments in the tradeable sector whose performance in East Germany has been much superior to that of the Mezzogiorno. These differences, in turn, are linked to very different standards of institutional quality and governance which are almost certainly rooted in the two "poor" regions' longer-run history.
=650  \0$aLabor market$zGermany$xRegional disparities.
=650  \0$aConvergence (Economics)$zGermany.
=650  \0$aIncome distribution$zGermany.
=651  \0$aGermany$xHistory$yUnification, 1990$xEconomic aspects.
=700  1\$aCarlin, Wendy,$eauthor.
=700  1\$aScaramozzino, Pasquale$c(College teacher),$eauthor.
=710  2\$aCentre for Economic Policy Research (Great Britain),$eissuing body.
=830  \0$aDiscussion paper (Centre for Economic Policy Research (Great Britain)) ;$vno. 11266.
=852  41$aBritish Library$bHMNTS$jYKL.2018.a.5209
=856  40$uhttp://www.cepr.org/active/publications/discussion_papers/dp.php?dpno=11266
=985  \\$aAwaiting NetCat DDC
=985  \\$aLDLSCP record - no ISBN match on import to BLL01
=CAT  \\$aBATCH-LDLN$b00$c20160815$lBLL01$h2106
=CAT  \\$aBATCH-UPD$b00$c20160815$lBLL01$h2106
=CAT  \\$aBATCH-016$c20170705$lBLL01$h2158
=CAT  \\$a7359$b40$c20180320$lBLL01$h1411
=FMT  \\$a  BK
=LAS  \\$a7359$b40$c20180320$lBLL01$h1411

