=LDR  03125 am a2200517 i 4500
=001  017975932
=003  Uk
=005  20180410093916.0
=008  160715s2016\\\\enka\\\\\b\\\\000\0\eng\c
=015  \\$aGBB6B2285$2bnb
=016  7\$a017975932$2Uk
=020  \\$qpaperback
=035  \\$a(WlAbNL)99669145102419
=035  \\$a(StEdALDL)1/3468881
=035  \\$a(UkOxU)020620872
=040  \\$aStEdALDL$beng$cStEdALDL$dWlAbNL$erda
=042  \\$aukscp
=100  1\$aKeller, Wolfgang,$d1964-$eauthor.
=245  10$aInternational trade and job polarization :$bevidence at the worker-level /$cWolfgang Keller and Hale Utar.
=264  \1$aLondon :$bCentre for Economic Policy Research,$c2016.
=300  \\$a50 pages :$billustrations (black and white) ;$c21 cm.
=336  \\$atext$btxt$2rdacontent
=336  \\$astill image$bsti$2rdacontent
=337  \\$aunmediated$bn$2rdamedia
=338  \\$avolume$bnc$2rdacarrier
=490  1\$aDiscussion paper (Centre for Economic Policy Research (Great Britain)),$x0265-8003$aInternational trade and regional economics$aLabour economics ;$v11311
=500  \\$a"Submitted 04 June 2016".
=504  \\$aIncludes bibliographical references (pages 43-47).
=520  \\$aThis paper examines the role of international trade for job polarization, the phenomenon in which employment for high- and low-wage occupations increases but mid-wage occupations decline. With employer-employee matched data on virtually all workers and firms in Denmark between 1999 and 2009, we use instrumental-variables techniques and a quasi-natural experiment to show that import competition is a major cause of job polarization. Import competition with China accounts for about 17% of the aggregate decline in mid-wage employment. Many mid-skill workers are pushed into low-wage service jobs while others move into high-wage jobs. The direction of movement, up or down, turns on the skill focus of workers' education. Workers with vocational training for a service occupation can avoid moving into low-wage service jobs, and among them workers with information-technology education are far more likely to move into high-wage jobs than other workers.
=650  \0$aInternational trade$xEconomic aspects$zDenmark.
=650  \0$aLabor market$xEconomic aspects$zDenmark.
=650  \0$aWages$xEffect of international trade on$zDenmark.
=650  \0$aEducation$xEconomic aspects$zDenmark.
=700  1\$aUtar, Hâle,$eauthor.
=710  2\$aCentre for Economic Policy Research (Great Britain),$eissuing body.
=830  \0$aDiscussion paper (Centre for Economic Policy Research (Great Britain)) ;$v11311.
=852  41$aBritish Library$bHMNTS$jYK.2018.a.1802
=856  40$uhttp://www.cepr.org/active/publications/discussion_papers/dp.php?dpno=11311
=985  \\$aAwaiting NetCat DDC
=985  \\$aLDLSCP record - no ISBN match on import to BLL01
=CAT  \\$aBATCH-LDLN$b00$c20160815$lBLL01$h2106
=CAT  \\$aBATCH-UPD$b00$c20160815$lBLL01$h2106
=CAT  \\$aBATCH-016$c20160907$lBLL01$h2147
=CAT  \\$a10999$b40$c20180410$lBLL01$h0939
=FMT  \\$a  BK
=LAS  \\$a10999$b40$c20180410$lBLL01$h0939

