=LDR  02879 am a2200529 i 4500
=001  017975933
=003  Uk
=005  20180410104039.0
=008  160715s2016\\\\enka\\\\\b\\\\000\0\eng\c
=015  \\$aGBB6B2286$2bnb
=016  7\$a017975933$2Uk
=020  \\$qpaperback
=035  \\$a(WlAbNL)99669146602419
=035  \\$a(StEdALDL)1/3468925
=035  \\$a(UkOxU)020620905
=040  \\$aStEdALDL$beng$cStEdALDL$dWlAbNL$erda
=042  \\$aukscp
=100  1\$aCestone, Giacinta,$eauthor.
=245  10$aInsurance between firms :$bthe role of internal labor markets /$cGiacinta Cestone, Chiara Fumagalli, Francis Kramarz and Giovanni Pica.
=264  \1$aLondon :$bCentre for Economic Policy Research,$c2016.
=300  \\$a61 pages :$billustrations (black and white) ;$c21 cm.
=336  \\$atext$btxt$2rdacontent
=336  \\$astill image$bsti$2rdacontent
=337  \\$aunmediated$bn$2rdamedia
=338  \\$avolume$bnc$2rdacarrier
=490  1\$aDiscussion paper (Centre for Economic Policy Research (Great Britain)),$x0265-8003$aIndustrial organization$aLabour economics ;$v11336
=500  \\$a"Submitted 17 June 2016".
=504  \\$aIncludes bibliographical references (pages 26-29).
=520  \\$aWe investigate how Internal Labor Markets (ILMs) allow organizations to accommodate shocks calling for costly labor adjustments. Using data on workers' mobility within French business groups, we find that adverse shocks affecting affiliated firms boost the proportion of workers redeployed to other group units rather than external firms. This effect is stronger when labor regulations are stricter and destination-firms are more efficient or enjoy better growth opportunities. Affiliated firms hit by positive shocks rely on the ILM for new hires, especially high-skilled workers. Overall, ILMs emerge as a co-insurance mechanism within organizations, providing job stability to employees as a by-product.
=650  \0$aLabor turnover$zFrance$xCosts.
=650  \0$aPersonnel management$zFrance.
=650  \0$aIndustrial organization (Economic theory)
=700  1\$aFumagalli, Chiara,$eauthor.
=700  1\$aKramarz, Francis,$eauthor.
=700  1\$aPica, Giovanni,$eauthor.
=710  2\$aCentre for Economic Policy Research (Great Britain),$eissuing body.
=830  \0$aDiscussion paper (Centre for Economic Policy Research (Great Britain)) ;$v11336.
=852  41$aBritish Library$bHMNTS$jYK.2018.a.1811
=856  40$uhttp://www.cepr.org/active/publications/discussion_papers/dp.php?dpno=11336
=985  \\$aAwaiting NetCat DDC
=985  \\$aLDLSCP record - no ISBN match on import to BLL01
=CAT  \\$aBATCH-LDLN$b00$c20160815$lBLL01$h2106
=CAT  \\$aBATCH-UPD$b00$c20160815$lBLL01$h2106
=CAT  \\$aBATCH-016$c20160907$lBLL01$h2147
=CAT  \\$a10999$b40$c20180410$lBLL01$h1040
=FMT  \\$a  BK
=LAS  \\$a10999$b40$c20180410$lBLL01$h1040

