=LDR  03119 am a2200541 i 4500
=001  017975935
=003  Uk
=005  20180410092811.0
=008  160715s2016\\\\enka\\\\\b\\\\000\0\eng\c
=015  \\$aGBB6B2288$2bnb
=016  7\$a017975935$2Uk
=020  \\$qpaperback
=035  \\$a(WlAbNL)99669739702419
=035  \\$a(StEdALDL)1/3468939
=035  \\$a(UkOxU)020620913
=040  \\$aStEdALDL$beng$cStEdALDL$dWlAbNL$erda
=042  \\$aukscp
=100  1\$aDreher, Axel,$eauthor.
=245  10$aInformation transmission within federal fiscal architectures :$btheory and evidence /$cAxel Dreher, Kai Gehring, Christos Kotsogiannis and Silvia Marchesi.
=264  \1$aLondon :$bCentre for Economic Policy Research,$c22 June 2016.
=300  \\$a43 pages :$billustrations (black and white) ;$c21 cm.
=336  \\$atext$btxt$2rdacontent
=336  \\$astill image$bsti$2rdacontent
=337  \\$aunmediated$bn$2rdamedia
=338  \\$avolume$bnc$2rdacarrier
=490  1\$aDiscussion paper (Centre for Economic Policy Research (Great Britain)),$x0265-8003$aPublic economics ;$v11344
=500  \\$a"Submitted 22 June 2016".
=504  \\$aIncludes bibliographical references (pages 19-21).
=520  \\$aThis paper explores the role of information transmission and misaligned interests across levels of governments in explaining variation in the degree of decentralization across countries. We analyze two alternative policy-decision schemes -- "decentralization" and "centralization" -- within a two-sided incomplete information principal-agent framework. The quality of communication depends on the conflict of interests between the government levels and on which government level controls the degree of decentralization. We show that the extent of misaligned interests and the relative importance of local and central government knowledge affect the optimal choice of policydecision schemes. Our empirical analysis confirms that countries' choices depend on the relative importance of their private information. Importantly, results differ significantly between unitary and federal countries, in line with our theory.
=650  \0$aCommunication in politics.
=650  \0$aIntergovernmental fiscal relations.
=650  \0$aFederal government$xEconomic aspects.
=650  \0$aFiscal policy.
=700  1\$aGehring, Kai,$eauthor.
=700  1\$aKotsogiannis, Christos,$eauthor.
=700  1\$aMarchesi, Silvia,$eauthor.
=710  2\$aCentre for Economic Policy Research (Great Britain),$eissuing body.
=830  \0$aDiscussion paper (Centre for Economic Policy Research (Great Britain)) ;$v11344.
=852  41$aBritish Library$bHMNTS$jYK.2018.a.1795
=856  40$uhttp://www.cepr.org/active/publications/discussion_papers/dp.php?dpno=11344
=985  \\$aAwaiting NetCat DDC
=985  \\$aLDLSCP record - no ISBN match on import to BLL01
=CAT  \\$aBATCH-LDLN$b00$c20160815$lBLL01$h2106
=CAT  \\$aBATCH-UPD$b00$c20160815$lBLL01$h2106
=CAT  \\$aBATCH-016$c20160907$lBLL01$h2147
=CAT  \\$a10999$b40$c20180410$lBLL01$h0928
=FMT  \\$a  BK
=LAS  \\$a10999$b40$c20180410$lBLL01$h0928

