=LDR  03587 am a2200553 i 4500
=001  017975936
=003  Uk
=005  20180410093620.0
=008  160715s2016\\\\enkab\\\\b\\\\000\0\eng\c
=015  \\$aGBB6B2289$2bnb
=016  7\$a017975936$2Uk
=020  \\$qpaperback
=035  \\$a(WlAbNL)99669743002419
=035  \\$a(StEdALDL)1/3468935
=035  \\$a(UkOxU)020620910
=040  \\$aStEdALDL$beng$cStEdALDL$dWlAbNL$erda
=042  \\$aukscp
=100  1\$aLee, Neil$c(Economist),$eauthor.
=245  10$aIs there trickle-down from tech? :$bpoverty, employment and the high-technology multiplier in US cities /$cNeil Lee and Andrés Rodríguez-Pose.
=246  30$aPoverty, employment and the high-technology multiplier in US cities
=264  \1$aLondon :$bCentre for Economic Policy Research,$c2016.
=300  \\$a31 pages :$billustrations (black and white), maps (black and white) ;$c21 cm.
=336  \\$atext$btxt$2rdacontent
=336  \\$astill image$bsti$2rdacontent
=336  \\$acartographic image$bcri$2rdacontent
=337  \\$aunmediated$bn$2rdamedia
=338  \\$avolume$bnc$2rdacarrier
=490  1\$aDiscussion paper (Centre for Economic Policy Research (Great Britain)),$x0265-8003$aInternational trade and regional economics ;$v11341
=500  \\$a"Submitted 20 June 2016".
=504  \\$aIncludes bibliographical references (pages 15-17).
=520  \\$aHigh-technology industries are seen as important in helping urban economies thrive, but at the same time they are often considered as potential drivers of relative poverty and social exclusion. However, little research has assessed how high-tech affects urban poverty and the wages of workers at the bottom of the pyramid. This paper addresses this gap in the literature and investigates the relationship between employment in high-tech industries, poverty and the labor market for non-degree educated workers using a panel of 295 Metropolitan Statistical Areas (MSAs) in the United States between 2005 and 2011. The results of the analysis show no real impact of the presence of high-technology industries on poverty and, especially, extreme poverty. Yet there is strong evidence that tech-employment increases wages for non-degree educated workers and, to a lesser extent, employment for those without degrees. These results suggest that while tech employment has some role in improving welfare for non-degree educated workers, tech-employment alone is not enough to reduce poverty.
=650  \0$aHigh technology industries$zUnited States.
=650  \0$aHigh technology industries$xEmployees$xSupply and demand$zUnited States.
=650  \0$aTechnological innovations$xEconomic aspects$zUnited States.
=650  \0$aWage differentials$xEffect of technological innovations on$zUnited States.
=650  \0$aPoverty$zUnited States.
=700  1\$aRodríguez-Pose, Andrés,$eauthor.
=710  2\$aCentre for Economic Policy Research (Great Britain),$eissuing body.
=830  \0$aDiscussion paper (Centre for Economic Policy Research (Great Britain)) ;$v11341.
=852  41$aBritish Library$bHMNTS$jYK.2018.a.1800
=856  40$uhttp://www.cepr.org/active/publications/discussion_papers/dp.php?dpno=11341
=985  \\$aAwaiting NETCAT record - item sent to shelf
=985  \\$aLDLSCP record - no ISBN match on import to BLL01
=CAT  \\$aBATCH-LDLN$b00$c20160815$lBLL01$h2106
=CAT  \\$aBATCH-UPD$b00$c20160815$lBLL01$h2106
=CAT  \\$aBATCH-016$c20160907$lBLL01$h2147
=CAT  \\$a10999$b40$c20180410$lBLL01$h0936
=FMT  \\$a  BK
=LAS  \\$a10999$b40$c20180410$lBLL01$h0936

