=LDR  03229 am a2200517 i 4500
=001  017975937
=003  Uk
=005  20180410103617.0
=008  160715s2016\\\\enka\\\\\b\\\\000\0\eng\c
=015  \\$aGBB6B2290$2bnb
=016  7\$a017975937$2Uk
=020  \\$qpaperback
=035  \\$a(WlAbNL)99669743802419
=035  \\$a(StEdALDL)1/3468900
=035  \\$a(UkOxU)020620887
=040  \\$aStEdALDL$beng$cStEdALDL$dWlAbNL$erda
=042  \\$aukscp
=100  1\$aGrauwe, Paul de,$eauthor.
=245  10$aInflation targets and the zero lower bound in a behavioral macroeconomic model /$cPaul De Grauwe and Yuemei Ji.
=264  \1$aLondon :$bCentre for Economic Policy Research,$c2016.
=300  \\$a27 pages :$billustrations (black and white) ;$c21 cm.
=336  \\$atext$btxt$2rdacontent
=336  \\$astill image$bsti$2rdacontent
=337  \\$aunmediated$bn$2rdamedia
=338  \\$avolume$bnc$2rdacarrier
=490  1\$aDiscussion paper (Centre for Economic Policy Research (Great Britain)),$x0265-8003$aMonetary economics and fluctuations ;$v11320
=500  \\$a"Submitted 10 June 2016".
=504  \\$aIncludes bibliographical references (pages 26-27).
=520  \\$aWe analyze the relation between the level of the inflation target and the zero lower bound (ZLB) imposed on the nominal interest rate. We analyze this relation in the framework of a behavioral macroeconomic model in which agents experience cognitive limitations. The model produces endogenous waves of optimism and pessimism (animal spirits) that, because of their self-fulfilling nature, drive the business cycle and in turn are influenced by the business cycle. We find that when the inflation target is too close to zero, the economy can get gripped by "chronic pessimism" that leads to a dominance of negative output gaps and recessions, and in turn feeds back on expectations producing long waves of pessimism. The simulations of our model, using parameter calibrations that are generally found in the literature, suggests that an inflation target of 2% is too low, i.e. produces negative skewness in the distribution of the output gap. We find that an inflation target in the range of 3% to 4% comes closer to producing a symmetric distribution of the output gap and avoids the economy being trapped in a region of chronic pessimism.
=650  \0$aInflation (Finance)$xEconometric models.
=650  \0$aInterest rates$xEconometric models.
=650  \0$aEconomics$xPsychological aspects.
=650  \0$aMacroeconomics.
=700  1\$aJi, Yuemei,$eauthor.
=710  2\$aCentre for Economic Policy Research (Great Britain),$eissuing body.
=830  \0$aDiscussion paper (Centre for Economic Policy Research (Great Britain)) ;$v11320.
=852  41$aBritish Library$bHMNTS$jYK.2018.a.1807
=856  40$uhttp://www.cepr.org/active/publications/discussion_papers/dp.php?dpno=11320
=985  \\$aAwaiting NetCat DDC
=985  \\$aLDLSCP record - no ISBN match on import to BLL01
=CAT  \\$aBATCH-LDLN$b00$c20160815$lBLL01$h2106
=CAT  \\$aBATCH-UPD$b00$c20160815$lBLL01$h2106
=CAT  \\$aBATCH-016$c20160907$lBLL01$h2147
=CAT  \\$a10999$b40$c20180410$lBLL01$h1036
=FMT  \\$a  BK
=LAS  \\$a10999$b40$c20180410$lBLL01$h1036

