=LDR  02783 am a2200529 i 4500
=001  017975967
=003  Uk
=005  20180320140624.0
=008  160630s2016\\\\enk\\\\\\b\\\\000\0\eng\c
=015  \\$aGBB6B2320$2bnb
=016  7\$a017975967$2Uk
=020  \\$qpaperback
=035  \\$a(WlAbNL)99666483502419
=040  \\$aWlAbNL$beng$cWlAbNL$erda
=042  \\$aukscp
=100  1\$aAlbuquerque, Rui,$eauthor.
=245  10$aInstitutional investors and corporate political activism /$cRui Albuquerque, Zicheng Lei, Jorg Rocholl and Chendi Zhang.
=264  \1$aLondon :$bCentre for Economic Policy Research,$c28 May 2016.
=300  \\$a50 pages ;$c21 cm.
=336  \\$atext$2rdacontent
=337  \\$aunmediated$2rdamedia
=338  \\$avolume$2rdacarrier
=490  1\$aDiscussion paper (Centre for Economic Policy Research (Great Britain)),$x0265-8003$aFinancial economics ;$vno. 11301
=500  \\$a"Submitted 28 May 2016".
=504  \\$aIncludes bibliographical references (pages 31-37).
=520  \\$aThe landmark decision by the U.S. Supreme Court on Citizens United v. Federal Election Commission asserts for the first time that corporations benefit from First Amendment protection regarding freedom of speech in the form of independent political expenditures, thus creating a new avenue for political activism. This paper studies how corporations adjusted their political activism in response to this ruling. The paper presents evidence consistent with the hypothesis that institutional investors, in particular public pension funds, have a preference for not using the new avenue for political activism, a preference not shared by other investors.
=650  \0$aCorporate speech$zUnited States.
=650  \0$aCorporations$xPolitical activity$zUnited States.
=650  \0$aCorporate governance$zUnited States.
=700  1\$aLei, Zicheng,$eauthor.
=700  1\$aRocholl, Jörg,$eauthor.
=700  1\$aZhang, Chendi,$eauthor.
=710  2\$aCentre for Economic Policy Research (Great Britain),$eissuing body.
=830  \0$aDiscussion paper (Centre for Economic Policy Research (Great Britain)) ;$vno. 11301.
=852  41$aBritish Library$bHMNTS$jYKL.2018.a.5202
=856  40$uhttp://www.cepr.org/active/publications/discussion_papers/dp.php?dpno=11301
=985  \\$aLDLSCP record - no ISBN match on import to BLL01
=985  \\$aAwaiting NetCat DDC
=CAT  \\$aBATCH-LDLN$b00$c20160815$lBLL01$h2106
=CAT  \\$aBATCH-UPD$b00$c20160815$lBLL01$h2106
=CAT  \\$aBATCH-016$c20170705$lBLL01$h2158
=CAT  \\$a5194$b40$c20180222$lBLL01$h1429
=CAT  \\$aBATCH-UPD$b40$c20180222$lBLL01$h1432
=CAT  \\$a7359$b40$c20180320$lBLL01$h1350
=CAT  \\$a7359$b40$c20180320$lBLL01$h1406
=FMT  \\$a  BK
=LAS  \\$a7359$b40$c20180320$lBLL01$h1406

