=LDR  02831 am a2200505 i 4500
=001  017983631
=003  Uk
=005  20180410093455.0
=008  160715s2016\\\\enka\\\\\b\\\\000\0\eng\c
=015  \\$aGBB6B5784$2bnb
=016  7\$a017983631$2Uk
=020  \\$qpaperback
=035  \\$a(WlAbNL)99669150802419
=035  \\$a(StEdALDL)1/3468873
=035  \\$a(UkOxU)020620864
=040  \\$aStEdALDL$beng$cStEdALDL$dWlAbNL$erda
=042  \\$aukscp
=100  10$aAndreou, Elena,$eauthor.
=245  10$aInflation expectations and monetary policy in Europe /$cElena Andreou, Snezana Eminidou and Marios Zachariadis.
=264  \1$aLondon :$bCentre for Economic Policy Research,$c2016.
=300  \\$a45 pages :$billustrations (black and white) ;$c21 cm.
=336  \\$atext$btxt$2rdacontent
=337  \\$aunmediated$bn$2rdamedia
=338  \\$avolume$bnc$2rdacarrier
=490  1\$aDiscussion paper series,$x0265-8003$aFinancial economics$aMonetary economics and fluctuations ;$v11306
=500  \\$a"Submitted 01 June 2016".
=504  \\$aIncludes bibliographical references (pages 44-45).
=520  \\$aWe use monthly data across fifteen euro-area economies for the period 1985:1-2015:3 to obtain different monetary policy shocks pertaining to more versus less informed individuals. We then investigate how these affect inflation expectations of different types of consumers before and after the incidence of the recent Crisis. Shocks obtained based on the assumption that individuals are well informed can have different impact on inflation expectations as compared to shocks obtained based on the assumption that they are not as informed. Moreover, monetary policy can have different effects on inflation expectations for different types of consumers. Finally, monetary policy has different effects on inflation expectations after as compared to before the incidence of the recent Crisis.
=650  \0$aMonetary policy$zEurope.
=650  \0$aInflation (Finance)$zEurope$xForecasting.
=650  \0$aRational expectations (Economic theory)$zEurope.
=700  1\$aEminidou, Snezana,$eauthor.
=700  1\$aZachariadis, Marios,$eauthor.
=710  2\$aCentre for Economic Policy Research (Great Britain),$eissuing body.
=830  \0$aDiscussion paper (Centre for Economic Policy Research (Great Britain)) ;$v11306.
=852  41$aBritish Library$bHMNTS$jYK.2018.a.1799
=856  40$uhttp://www.cepr.org/active/publications/discussion_papers/dp.php?dpno=11306
=985  \\$aAwaiting NetCat DDC
=985  \\$aLDLSCP record - no ISBN match on import to BLL01
=CAT  \\$aBATCH-LDLN$b00$c20160822$lBLL01$h2052
=CAT  \\$aBATCH-UPD$b00$c20160822$lBLL01$h2053
=CAT  \\$aBATCH-016$c20160907$lBLL01$h2147
=CAT  \\$a10999$b40$c20180410$lBLL01$h0934
=FMT  \\$a  BK
=LAS  \\$a10999$b40$c20180410$lBLL01$h0934

