=LDR  02927 am a2200517 i 4500
=001  017990423
=003  Uk
=005  20180319132101.0
=008  160620s2016\\\\enka\\\\\b\\\\000\0\eng\c
=015  \\$aGBB6B8994$2bnb
=016  7\$a017990423$2Uk
=020  \\$qpaperback
=035  \\$a(WlAbNL)99666735702419
=035  \\$a(StEdALDL)1/3457790
=035  \\$a(UkOxU)020604969
=040  \\$aStEdALDL$beng$cStEdALDL$dWlAbNL$erda
=042  \\$aukscp
=100  1\$aJones, Daniel,$d1986-$eauthor.
=245  10$aWolves in sheep's clothing :$bis non-profit status used to signal quality /$cDaniel Jones, Carol Propper and Sarah Smith.
=264  \1$aLondon :$bCentre for Economic Policy Research,$c20 April 2016.
=300  \\$a33 pages :$billustrations (black and white) ;$c21 cm.
=336  \\$atext$btxt$2rdacontent
=336  \\$astill image$bsti$2rdacontent
=337  \\$aunmediated$bn$2rdamedia
=338  \\$avolume$bnc$2rdacarrier
=490  1\$aDiscussion paper (Centre for Economic Policy Research (Great Britain)),$x0265-8003$aPublic economics ;$vno. 11240
=500  \\$a"Submitted 20 April 2016"
=504  \\$aIncludes bibliographical references (pages 21-22).
=520  \\$aWhy do firms adopt non-profit status? One argument is that non-profit status serves as a signal of quality when consumers are not well informed. A testable implication is that an increase in consumer information may lead to a reduction in the number of non-profits in a market. We test this idea empirically by exploiting an exogenous increase in consumer information in the US nursing home industry. Indeed, we find that the information shock led to a reduction in the share of non-profit homes in the market, driven by a combination of home closure and sector switching. The lowest quality non-profits were the most likely to exit. Our results have important implications for the effects of reforms to increase consumer provision in a number of public services.
=650  \0$aNonprofit organizations$xEconomic aspects.
=650  \0$aNursing homes$xEconomic aspects.
=650  \0$aNursing home care$xQuality control.
=700  1\$aPropper, Carol,$d1956-$eauthor.
=700  1\$aSmith, Sarah,$d1970 November 13-$eauthor.
=710  2\$aCentre for Economic Policy Research (Great Britain),$eissuing body.
=830  \0$aDiscussion paper (Centre for Economic Policy Research (Great Britain)) ;$vno. 11240.
=852  41$aBritish Library$bHMNTS$jYKL.2018.a.5042
=856  40$uhttp://www.cepr.org/active/publications/discussion_papers/dp.php?dpno=11240
=985  \\$aAwaiting NETCAT record - item sent to shelf
=985  \\$aLDLSCP record - no ISBN match on import to BLL01
=CAT  \\$aBATCH-LDLN$b00$c20160829$lBLL01$h2058
=CAT  \\$aBATCH-UPD$b00$c20160829$lBLL01$h2058
=CAT  \\$aBATCH-016$c20170628$lBLL01$h2157
=CAT  \\$a7359$b40$c20180319$lBLL01$h1321
=FMT  \\$a  BK
=LAS  \\$a7359$b40$c20180319$lBLL01$h1321

