=LDR  03020 am a2200493 i 4500
=001  017990424
=003  Uk
=005  20180410092637.0
=008  160715s2016\\\\enk\\\\\\b\\\\000\0\eng\c
=015  \\$aGBB6B8995$2bnb
=016  7\$a017990424$2Uk
=020  \\$qpaperback
=035  \\$a(WlAbNL)99669185702419
=035  \\$a(StEdALDL)1/3468946
=035  \\$a(UkOxU)020620919
=040  \\$aStEdALDL$beng$cStEdALDL$dWlAbNL$erda
=042  \\$aukscp
=100  1\$aEliaz, Kfir,$eauthor.
=245  10$aWhen to learn what in bilateral trade /$cKfir Eliaz and Alexander Frug.
=264  \1$aLondon :$bCentre for Economic Policy Research,$c2016.
=300  \\$a30 pages ;$c21 cm.
=336  \\$atext$btxt$2rdacontent
=337  \\$aunmediated$bn$2rdamedia
=338  \\$avolume$bnc$2rdacarrier
=490  1\$aDiscussion paper (Centre for Economic Policy Research (Great Britain)),$x0265-8003$aIndustrial organization ;$v11350
=500  \\$a"Submitted 24 June 2016"
=504  \\$aIncludes bibliographical references (pages 29-30).
=520  \\$aWe propose and analyze a model of bilateral trade in which private information about the quality of an asset can be acquired only gradually over time. An asset is characterized by a vector of binary i.i.d. attributes. The value of this asset to the seller and buyer is a weighted sum of the attributes, where the buyer's weights differ from the seller's. Initially, the seller is uninformed about the quality of the asset. In each period he decides whether to make a price offer (based on his current information) or to inspect the asset (postponing the sales offer). In the latter case, he chooses an attribute and (costlessly) learns its realization. The buyer does not observe the realized attributes before purchasing the good, however, he may or may not observe which inspections were performed by the seller (we consider both cases). We study the seller's strategic scheduling of inspections in this environment and its effect on the realized gains from trade in equilibrium. We identify the necessary and sufficient conditions under which the players can realize some gains from trade, and all gains from trade.
=650  \0$aDisclosure of information$xEconomic aspects.
=650  \0$aInformation theory in economics.
=650  \0$aPricing.
=700  1\$aFrug, Alexander,$eauthor.
=710  2\$aCentre for Economic Policy Research (Great Britain),$eissuing body.
=830  \0$aDiscussion paper (Centre for Economic Policy Research (Great Britain)) ;$v11350.
=852  41$aBritish Library$bHMNTS$jYK.2018.a.1794
=856  40$uhttp://www.cepr.org/active/publications/discussion_papers/dp.php?dpno=11350
=985  \\$aAwaiting NetCat DDC
=985  \\$aLDLSCP record - no ISBN match on import to BLL01
=CAT  \\$aBATCH-LDLN$b00$c20160829$lBLL01$h2058
=CAT  \\$aBATCH-UPD$b00$c20160829$lBLL01$h2058
=CAT  \\$aBATCH-016$c20160907$lBLL01$h2147
=CAT  \\$a10999$b40$c20180410$lBLL01$h0926
=FMT  \\$a  BK
=LAS  \\$a10999$b40$c20180410$lBLL01$h0926

