=LDR  03196 am a2200517 i 4500
=001  017998376
=003  Uk
=005  20180319133436.0
=008  160617s2016\\\\enkb\\\\\b\\\\000\0\eng\c
=015  \\$aGBB6C2103$2bnb
=016  7\$a017998376$2Uk
=020  \\$qpaperback
=035  \\$a(WlAbNL)99668659102419
=035  \\$a(StEdALDL)1/3457760
=035  \\$a(UkOxU)020604943
=040  \\$aStEdALDL$beng$cStEdALDL$dWlAbNL$erda
=042  \\$aukscp
=100  1\$aGibbons, Steve$c(College teacher),$eauthor.
=245  10$aNew road infrastructure :$bthe effects on firms /$cSteve Gibbons, Teemu Lyytikäinen, Henry G. Overman and Rosa Sanchis-Guarner.
=264  \1$aLondon :$bCentre for Economic Policy Research,$c19 April 2016.
=300  \\$a58 pages :$bmaps (black and white) ;$c21 cm.
=336  \\$atext$btxt$2rdacontent
=336  \\$acartographic image$bcri$2rdacontent
=337  \\$aunmediated$bn$2rdamedia
=338  \\$avolume$bnc$2rdacarrier
=490  1\$aDiscussion paper (Centre for Economic Policy Research (Great Britain)),$x0265-8003$aInternational trade$aRegional economics ;$v11239
=500  \\$a"Submitted 19 April 2016."
=504  \\$aIncludes bibliographical references (pages 35-40).
=520  \\$aThis paper estimates the impact of new road infrastructure on employment and productivity using plant level longitudinal data for Britain. Exposure to transport improvements is measured through changes in accessibility, which is calculated at a detailed geographical scale from changes in minimum journey times along the road network. These changes are induced by the construction of new road link schemes. We deal with the potential endogeneity of scheme location by identifying the effects of changes in accessibility from variation across wards close to the scheme. We find substantial positive effects on employment and numbers of plants for small-scale geographical areas (electoral wards). In contrast, for firms already in the area we find negative effects on employment coupled with increases in output per worker and wages. A plausible interpretation is that new transport infrastructure attracts transport intensive firms to an area, but with some cost to employment in existing businesses.
=650  \0$aRoads$xEconomic aspects$zGreat Britain.
=650  \0$aRoads$xGovernment policy$zGreat Britain.
=700  1\$aLyytikäinen, Teemu,$d1977-$eauthor.
=700  1\$aOverman, Henry G.,$eauthor.
=700  1\$aSanchis-Guarner, Rosa,$eauthor.
=710  2\$aCentre for Economic Policy Research (Great Britain),$eissuing body.
=830  \0$aDiscussion paper (Centre for Economic Policy Research (Great Britain)) ;$vno. 11239.
=852  41$aBritish Library$bHMNTS$jYKL.2018.a.5062
=856  40$uhttp://www.cepr.org/active/publications/discussion_papers/dp.php?dpno=11239
=985  \\$aAwaiting NETCAT record - item sent to shelf
=985  \\$aLDLSCP record - no ISBN match on import to BLL01
=CAT  \\$aBATCH-LDLN$b00$c20160905$lBLL01$h2118
=CAT  \\$aBATCH-UPD$b00$c20160905$lBLL01$h2118
=CAT  \\$aBATCH-016$c20170628$lBLL01$h2157
=CAT  \\$a7359$b40$c20180319$lBLL01$h1334
=FMT  \\$a  BK
=LAS  \\$a7359$b40$c20180319$lBLL01$h1334

