=LDR  02909 am a2200505 i 4500
=001  018015616
=003  Uk
=005  20180319132708.0
=008  160617s2016\\\\enka\\\\\b\\\\000\0\eng\c
=015  \\$aGBB6C9208$2bnb
=016  7\$a018015616$2Uk
=020  \\$qpaperback
=035  \\$a(WlAbNL)99668656902419
=035  \\$a(StEdALDL)1/3457756
=035  \\$a(UkOxU)020604939
=040  \\$aStEdALDL$beng$cStEdALDL$dWlAbNL$erda
=042  \\$aukscp
=100  1\$aFougère, Denis,$eauthor.
=245  14$aThe impact of the national minimum wage on industry-level wage bargaining in France /$cDenis Fougère, Erwan Gautier and Sébastien Roux.
=264  \1$aLondon :$bCentre for Economic Policy Research,$c16 April 2016.
=300  \\$a55 pages :$billustrations (black and white) ;$c21 cm.
=336  \\$atext$btxt$2rdacontent
=336  \\$astill image$bsti$2rdacontent
=337  \\$aunmediated$bn$2rdamedia
=338  \\$avolume$bnc$2rdacarrier
=490  1\$aDiscussion paper (Centre for Economic Policy Research (Great Britain)),$x9265-8003$aLabour economics ;$v11234
=500  \\$a"Submitted 16 April 2016."
=504  \\$aIncludes bibliographical references (pages 28-31).
=520  \\$aThis paper examines empirically how industry-level wage floors are set in French industry-level wage agreements and how the national minimum wage (NMW) interacts with industry-level wage bargaining. For this, we use a unique dataset containing about 48,000 occupation-specific wage floors, in more than 340 French industries over the period 2006-2014. We find that the NMW has a significant impact on the seasonality and on the timing of the wage bargaining process. Inflation, past sectoral wage increases and real NMW increases are the main drivers of wage floor adjustments; elasticities of wage floors with respect to these macro variables are 0.6, 0.3 and 0.25 respectively. Wage floor elasticities to inflation and to the NMW both decrease along the wage floor distribution but are still positive for all levels of wage floors.
=650  \0$aWage bargaining$zFrance.
=650  \0$aMinimum wage$zFrance.
=700  1\$aGautier, Erwan,$eauthor.
=700  1\$aRoux, Sébastien,$d1971-$eauthor.
=710  2\$aCentre for Economic Policy Research (Great Britain),$eissuing body.
=830  \0$aDiscussion paper (Centre for Economic Policy Research (Great Britain)) ;$v11234.
=852  41$aBritish Library$bHMNTS$jYKL.2018.a.5052
=856  40$uhttp://www.cepr.org/active/publications/discussion_papers/dp.php?dpno=11234
=985  \\$aAwaiting NETCAT record - item sent to shelf
=985  \\$aLDLSCP record - no ISBN match on import to BLL01
=CAT  \\$aBATCH-LDLN$b00$c20160919$lBLL01$h2053
=CAT  \\$aBATCH-UPD$b00$c20160919$lBLL01$h2053
=CAT  \\$aBATCH-016$c20170628$lBLL01$h2157
=CAT  \\$a7359$b40$c20180319$lBLL01$h1327
=FMT  \\$a  BK
=LAS  \\$a7359$b40$c20180319$lBLL01$h1327

