=LDR  03115 am a2200529 i 4500
=001  018022200
=003  Uk
=005  20210716212354.0
=008  160712s2016\\\\enka\\\\\b\\\\000\0\eng\c
=015  \\$aGBB6D2188$2bnb
=016  7\$a018022200$2Uk
=020  \\$qpaperback
=035  \\$a(WlAbNL)99678330502419
=040  \\$aWlAbNL$beng$cWlAbNL$dUk$erda
=042  \\$aukscp
=082  04$a330.16$223
=100  1\$aOnder, Harun,$eauthor.
=245  10$aInherited wealth and demographic aging /$cHarun Onder and Pierre Pestieau.
=264  \1$aLondon :$bCentre for Economic Policy Research,$c12 July 2016.
=300  \\$a17 pages :$billustrations (black and white) ;$c21 cm.
=336  \\$atext$btxt$2rdacontent
=337  \\$aunmediated$bn$2rdamedia
=338  \\$avolume$bnc$2rdacarrier
=490  1\$aDiscussion paper (Centre for Economic Policy Research (Great Britain)),$x0265-8003$aPublic economics ;$vno. 11387
=500  \\$a"Submitted 12 July 2016".
=504  \\$aIncludes bibliographical references (pages 16-17).
=520  \\$aThe role of inherited wealth in modern economies has increasingly become under scrutiny. This study presents one of the first attempts to shed light on how demographic aging could shape this role. We show that, in the absence of retirement annuities, or for a given level of annuitization, both increasing longevity and decreasing fertility should reduce the inherited share of total wealth in a given economy. Thus, aging is not likely to explain a recent surge in this share in some advanced economies. Shrinking retirement annuities, however, could offset and potentially reverse these effects. We also show that aging could increase the size of individual bequests vis-à-vis real wages. However, these bequests will be more unequally distributed if aging is driven by a drop in fertility. In comparison, the effect of increasing longevity on their distribution is non-monotonic.
=588  \\$aDescription based on online resource; title from http://www.cepr.org/active/publications/discussion_papers/dp.php?dpno=11387 viewed July 12, 2016.
=650  \0$aWealth$xEconomic aspects.
=650  \0$aInheritance and succession$xEconomic aspects.
=650  \0$aAging$xEconomic aspects.
=690  7\$aManagement and Business Studies$2blcoll
=700  1\$aPestieau, Pierre,$d1943-$eauthor.
=710  2\$aCentre for Economic Policy Research (Great Britain),$eissuing body.
=830  \0$aDiscussion paper (Centre for Economic Policy Research (Great Britain)) ;$vno. 11387.
=852  41$aBritish Library$bHMNTS$jYK.2018.a.1960
=856  40$uhttp://www.cepr.org/active/publications/discussion_papers/dp.php?dpno=11387
=985  \\$aLDLSCP record - no ISBN match on import to BLL01
=CAT  \\$aBATCH-LDLN$b00$c20160926$lBLL01$h2124
=CAT  \\$aBATCH-UPD$b00$c20160926$lBLL01$h2124
=CAT  \\$aBATCH-016$c20160928$lBLL01$h2147
=CAT  \\$a10999$b40$c20180417$lBLL01$h1438
=CAT  \\$a9671$b40$c20210708$lBLL01$h0743
=CAT  \\$aBATCH-MBS$c20210716$lBLL01$h2123
=FIN  \\$aY$d20210708
=FMT  \\$a  BK
=LAS  \\$aBATCH-MBS$b00$c20210716$lBLL01$h2123

