=LDR  03668 am a2200553 i 4500
=001  018022201
=003  Uk
=005  20210716212354.0
=008  160830s2016\\\\enka\\\\\b\\\\000\0\eng\c
=015  \\$aGBB6D2189$2bnb
=016  7\$a018022201$2Uk
=020  \\$qpaperback
=035  \\$a(WlAbNL)99678332402419
=040  \\$aWlAbNL$beng$cWlAbNL$dUk$erda
=042  \\$aukscp
=082  04$a339.20973$223
=100  1\$aKrueger, Dirk,$eauthor.
=245  10$aOn the distribution of the welfare losses of large recessions /$cDirk Krueger, Kurt Mitman and Fabrizio Perri.
=264  \1$aLondon :$bCentre for Economic Policy Research,$c25 July 2016.
=300  \\$a44 pages :$billustrations (black and white) ;$c21 cm.
=336  \\$atext$btxt$2rdacontent
=336  \\$astill image$bsti$2rdacontent
=337  \\$aunmediated$bn$2rdamedia
=338  \\$avolume$bnc$2rdacarrier
=490  1\$aDiscussion paper (Centre for Economic Policy Research (Great Britain)),$x0265-8003$aMonetary economics and fluctuations and public economics ;$vno. 11413
=500  \\$a"Submitted 25 July 2016".
=504  \\$aIncludes bibliographical references (pages 40-42).
=520  \\$aHow big are the welfare losses from severe economic downturns, such as the U.S. Great Recession? How are those losses distributed across the population? In this paper we answer these questions using a canonical business cycle model featuring household income and wealth heterogeneity that matches micro data from the Panel Study of Income Dynamics (PSID). We document how these losses are distributed across households and how they are affected by social insurance policies. We find that the welfare cost of losing one's job in a severe recession ranges from 2% of lifetime consumption for the wealthiest households to 5% for low-wealth households. The cost increases to approximately 8% for low-wealth households if unemployment insurance benefits are cut from 50% to 10%. The fact that welfare losses fall with wealth, and that in our model (as in the data) a large fraction of households has very low wealth, implies that the impact of a severe recession, once aggregated across all households, is very significant (2.2% of lifetime consumption). We finally show that a more generous unemployment insurance system unequivocally helps low-wealth job losers, but hurts households that keep their job, even in a version of the model in which output is partly demand determined, and therefore unemployment insurance stabilizes aggregate demand and output.
=650  \0$aIncome distribution$zUnited States.
=650  \0$aRecessions$zUnited States$y21st century.
=650  \0$aUnemployment insurance$zUnited States.
=650  \0$aBusiness cycles$zUnited States.
=690  7\$aManagement and Business Studies$2blcoll
=700  1\$aMitman, Kurt E.,$eauthor.
=700  1\$aPerri, Fabrizio$c(Monetary advisor),$eauthor.
=710  2\$aCentre for Economic Policy Research (Great Britain),$eissuing body.
=830  \0$aDiscussion paper (Centre for Economic Policy Research (Great Britain)) ;$vno. 11413.
=852  41$aBritish Library$bHMNTS$jYC.2018.a.7415
=856  40$uhttp://www.cepr.org/active/publications/discussion_papers/dp.php?dpno=11413
=985  \\$aLDLSCP record - no ISBN match on import to BLL01
=CAT  \\$aBATCH-LDLN$b00$c20160926$lBLL01$h2124
=CAT  \\$aBATCH-UPD$b00$c20160926$lBLL01$h2124
=CAT  \\$aBATCH-016$c20170823$lBLL01$h2158
=CAT  \\$a11405$b40$c20180523$lBLL01$h0927
=CAT  \\$a9671$b40$c20210708$lBLL01$h0745
=CAT  \\$aBATCH-MBS$c20210716$lBLL01$h2123
=FIN  \\$aY$d20210708
=FMT  \\$a  BK
=LAS  \\$aBATCH-MBS$b00$c20210716$lBLL01$h2123

