=LDR  03250 am a2200577 i 4500
=001  018022202
=003  Uk
=005  20210716212354.0
=008  160830s2016\\\\enka\\\\\b\\\\000\0\eng\c
=015  \\$aGBB6D2190$2bnb
=016  7\$a018022202$2Uk
=020  \\$qpaperback
=035  \\$a(WlAbNL)99678334302419
=040  \\$aWlAbNL$beng$cWlAbNL$dUk$erda
=042  \\$aukscp
=082  04$a339.2$223
=100  1\$aBroer, Tobías,$eauthor.
=245  14$aThe New Keynesian transmission mechanism :$ba heterogenous-agent perspective /$cTobias Broer, Niels-Jakob Harbo Hansen, Per Krusell and Erik Öberg.
=264  \1$aLondon :$bCentre for Economic Policy Research,$c09 July 2016.
=300  \\$a25 pages :$billustrations (black and white) ;$c21 cm.
=336  \\$atext$btxt$2rdacontent
=336  \\$astill image$bsti$2rdacontent
=337  \\$aunmediated$bn$2rdamedia
=338  \\$avolume$bnc$2rdacarrier
=490  1\$aDiscussion paper (Centre for Economic Policy Research (Great Britain)),$x0265-8003$aMonetary economics and fluctuations ;$vno. 11382
=500  \\$a"Submitted 09 July 2016".
=504  \\$aIncludes bibliographical references (pages 23-25).
=520  \\$aWe argue that a 2-agent version of the standard New Keynesian model -- where a 'worker' receives only labor income and a 'capitalist' only profit income -- offers insights about how income inequality affects the monetary transmission mechanism. Under rigid prices, monetary policy affects the distribution of consumption, but it has no effect on output as workers choose not to change their hours worked in response to wage movements. In the corresponding representative agent model, in contrast, hours do rise after a monetary policy loosening due to a wealth effect on labor supply: profits fall, thus reducing the representative worker's income. If wages are rigid too, however, the monetary transmission mechanism is active and resembles that in the corresponding representative-agent model. Here, workers are not on their labor supply curve and hence respond passively to demand, and profits are procyclical.
=650  \0$aIncome distribution.
=650  \0$aMonetary policy.
=650  \0$aHours of labor.
=650  \0$aLabor market.
=690  7\$aManagement and Business Studies$2blcoll
=700  1\$aHansen, Niels-Jakob Harbo,$eauthor.
=700  1\$aKrusell, Per,$eauthor.
=700  1\$aÖberg, Erik,$d1988-$eauthor.
=710  2\$aCentre for Economic Policy Research (Great Britain),$eissuing body.
=830  \0$aDiscussion paper (Centre for Economic Policy Research (Great Britain)) ;$vno. 11382.
=852  41$aBritish Library$bHMNTS$jYK.2018.a.1963
=856  40$uhttp://www.cepr.org/active/publications/discussion_papers/dp.php?dpno=11382
=985  \\$aLDLSCP record - no ISBN match on import to BLL01
=CAT  \\$aBATCH-LDLN$b00$c20160926$lBLL01$h2124
=CAT  \\$aBATCH-UPD$b00$c20160926$lBLL01$h2124
=CAT  \\$aBATCH-UPD$b00$c20160926$lBLL01$h2125
=CAT  \\$aBATCH-016$c20160928$lBLL01$h2147
=CAT  \\$a10999$b40$c20180417$lBLL01$h1444
=CAT  \\$a9671$b40$c20210708$lBLL01$h0746
=CAT  \\$aBATCH-MBS$c20210716$lBLL01$h2123
=FIN  \\$aY$d20210708
=FMT  \\$a  BK
=LAS  \\$aBATCH-MBS$b00$c20210716$lBLL01$h2123

