=LDR  03263 am a2200493 i 4500
=001  018036152
=003  Uk
=005  20180417143220.0
=008  160830s2016\\\\enka\\\\\b\\\\000\0\eng\c
=015  \\$aGBB6D4814$2bnb
=016  7\$a018036152$2Uk
=020  \\$qpaperback
=035  \\$a(WlAbNL)99678331202419
=040  \\$aWlAbNL$beng$cWlAbNL$erda
=042  \\$aukscp
=100  1\$aVandenbussche, Hylke,$eauthor.
=245  10$aInput reallocation within firms /$cHylke Vandenbussche and Christian Viegelahn.
=264  \1$aLondon :$bCentre for Economic Policy Research,$c17 July 2016.
=300  \\$a61 pages :$billustrations (black and white) ;$c21 cm.
=336  \\$atext$btxt$2rdacontent
=336  \\$astill image$bsti$2rdacontent
=337  \\$aunmediated$bn$2rdamedia
=338  \\$avolume$bnc$2rdacarrier
=490  1\$aDiscussion paper (Centre for Economic Policy Research (Great Britain)),$x0265-8003$aInternational trade and regional economics ;$vno. 11395
=500  \\$a"Submitted 17 July 2016".
=504  \\$aIncludes bibliographical references (pages 36-38).
=520  \\$aThis paper documents the within firm reallocation of inputs and outputs as a result of a trade policy shock on the input side. A unique firm-input level dataset for India with information on different raw material inputs used in production, enables us to identify firms with imported inputs subject to trade policy. To guide the empirics, we first develop a back-bone model of heterogeneous firms that source inputs from abroad. We find that affected firms engage in input reallocation and lower their use of protected inputs by 25-40%, relative to other inputs. Especially large firms and multi-output firms skew their input use towards unprotected inputs. To identify the output reallocation ensuing trade protection on inputs, we develop a firm level input-output correspondence. Firms reduce their sales of outputs made of protected inputs on average by 50-80%, relative to sales of other outputs. We find a firm level decrease in markups, suggesting that the cost of imported inputs is only partially passed through to output prices. Thus, this paper documents a new channel through which trade protection negatively impacts input-using firms.
=588  \\$aDescription based on online resource; title from http://www.cepr.org/active/publications/discussion_papers/dp.php?dpno=11395 viewed July 18, 2016.
=650  \0$aInput-output analysis$zIndia.
=650  \0$aProtectionism$zIndia.
=650  \0$aInternational trade.
=700  1\$aViegelahn, Christian,$d1983-$eauthor.
=710  2\$aCentre for Economic Policy Research (Great Britain),$eissuing body.
=830  \0$aDiscussion paper (Centre for Economic Policy Research (Great Britain)) ;$vno. 11395.
=852  41$aBritish Library$bHMNTS$jYK.2018.a.1956
=856  40$uhttp://www.cepr.org/active/publications/discussion_papers/dp.php?dpno=11395
=985  \\$aAwaiting NetCat DDC
=985  \\$aLDLSCP record - no ISBN match on import to BLL01
=CAT  \\$aBATCH-LDLN$b00$c20161003$lBLL01$h2105
=CAT  \\$aBATCH-UPD$b00$c20161003$lBLL01$h2105
=CAT  \\$aBATCH-016$c20170823$lBLL01$h2158
=CAT  \\$a10999$b40$c20180417$lBLL01$h1432
=FMT  \\$a  BK
=LAS  \\$a10999$b40$c20180417$lBLL01$h1432

