=LDR  03053 am a2200493 i 4500
=001  018036153
=003  Uk
=005  20180523092854.0
=008  160830s2016\\\\enka\\\\\b\\\\000\0\eng\c
=015  \\$aGBB6D4815$2bnb
=016  7\$a018036153$2Uk
=020  \\$qpaperback
=035  \\$a(WlAbNL)99678331502419
=040  \\$aWlAbNL$beng$cWlAbNL$erda
=042  \\$aukscp
=100  1\$aCarrasco, Marine,$eauthor.
=245  10$aIn-sample inference and forecasting in misspecified factor models /$cMarine Carrasco and Barbara Rossi.
=264  \1$aLondon :$bCentre for Economic Policy Research,$c12 July 2016.
=300  \\$a55 pages :$billustrations (black and white) ;$c21 cm.
=336  \\$atext$btxt$2rdacontent
=336  \\$astill image$bsti$2rdacontent
=337  \\$aunmediated$bn$2rdamedia
=338  \\$avolume$bnc$2rdacarrier
=490  1\$aDiscussion paper (Centre for Economic Policy Research (Great Britain)),$x0265-8003$aMonetary economics and fluctuations ;$vno. 11388
=500  \\$a"Submitted 12 July 2016".
=504  \\$aIncludes bibliographical references (pages 36-40).
=520  \\$aThis paper considers in-sample prediction and out-of-sample forecasting in regressions with many exogenous predictors. We consider four dimension reduction devices: principal components, Ridge, Landweber Fridman, and Partial Least Squares. We derive rates of convergence for two representative models: an ill-posed model and an approximate factor model. The theory is developed for a large cross-section and a large time-series. As all these methods depend on a tuning parameter to be selected, we also propose data-driven selection methods based on cross-validation and establish their optimality. Monte Carlo simulations and an empirical application to forecasting inflation and output growth in the U.S. show that data-reduction methods out-perform conventional methods in several relevant settings, and might effectively guard against instabilities in predictors' &#x;forecasting ability.
=588  \\$aDescription based on online resource; title from http://www.cepr.org/active/publications/discussion_papers/dp.php?dpno=11388 viewed July 12, 2016.
=650  \0$aMacroeconomics$xEconometric models.
=650  \0$aEconomic forecasting$xEconometric models.
=650  \0$aInflation (Finance)$xForecasting.
=700  1\$aRossi, Barbara,$d1971-$eauthor.
=710  2\$aCentre for Economic Policy Research (Great Britain),$eissuing body.
=830  \0$aDiscussion paper (Centre for Economic Policy Research (Great Britain)) ;$vno. 11388.
=852  41$aBritish Library$bHMNTS$jYC.2018.a.7417
=856  40$uhttp://www.cepr.org/active/publications/discussion_papers/dp.php?dpno=11388
=985  \\$aLDLSCP record - no ISBN match on import to BLL01
=985  \\$aAwaiting NetCat DDC
=CAT  \\$aBATCH-LDLN$b00$c20161003$lBLL01$h2105
=CAT  \\$aBATCH-UPD$b00$c20161003$lBLL01$h2105
=CAT  \\$aBATCH-016$c20170823$lBLL01$h2158
=CAT  \\$a11405$b40$c20180523$lBLL01$h0928
=FMT  \\$a  BK
=LAS  \\$a11405$b40$c20180523$lBLL01$h0928

