=LDR  02847 am a2200505 i 4500
=001  018036154
=003  Uk
=005  20180419141954.0
=008  160830s2016\\\\enka\\\\\b\\\\000\0\eng\c
=015  \\$aGBB6D4816$2bnb
=016  7\$a018036154$2Uk
=020  \\$qpaperback
=035  \\$a(WlAbNL)99678333002419
=040  \\$aWlAbNL$beng$cWlAbNL$erda
=042  \\$aukscp
=100  1\$aAdrian, Tobias,$d1971-$eauthor.
=245  10$aNonlinearity and flight-to-safety in the risk-return tradeoff for stocks and bonds /$cTobias Adrian, Richard K. Crump and Erik Vogt.
=264  \1$aLondon :$bCentre for Economic Policy Research,$c21 July 2016.
=300  \\$a59, 17 pages :$billustrations (black and white) ;$c21 cm.
=336  \\$atext$btxt$2rdacontent
=336  \\$astill image$bsti$2rdacontent
=337  \\$aunmediated$bn$2rdamedia
=338  \\$avolume$bnc$2rdacarrier
=490  1\$aDiscussion paper (Centre for Economic Policy Research (Great Britain)),$x0265-8003$aFinancial economics ;$vno. 11401
=500  \\$a"Submitted 21 July 2016".
=504  \\$aIncludes bibliographical references (pages 36-39).
=520  \\$aWe document a highly significant, strongly nonlinear dependence of stock and bond returns on past equity market volatility as measured by the VIX. We propose a new estimator for the shape of the nonlinear forecasting relationship that exploits additional variation in the cross-section of returns. The nonlinearities are mirror images for stocks and bonds, revealing flight-to-safety: expected returns increase for stocks when volatility increases from moderate to high levels while they decline for Treasuries. These findings provide support for dynamic asset pricing theories where the price of risk is a nonlinear function of market volatility.
=588  \\$aDescription based on online resource; title from http://www.cepr.org/active/publications/discussion_papers/dp.php?dpno=11401 viewed July 21, 2016.
=650  \0$aAssets (Accounting)$xPrices$xForecasting.
=650  \0$aFinancial risk management.
=650  \0$aRisk-return relationships.
=700  1\$aCrump, Richard K.,$eauthor.
=700  1\$aVogt, Erik,$eauthor.
=710  2\$aCentre for Economic Policy Research (Great Britain),$eissuing body.
=830  \0$aDiscussion paper (Centre for Economic Policy Research (Great Britain)) ;$vno. 11401.
=852  41$aBritish Library$bHMNTS$jYK.2018.a.2026
=856  40$uhttp://www.cepr.org/active/publications/discussion_papers/dp.php?dpno=11401
=985  \\$aAwaiting NetCat DDC
=985  \\$aLDLSCP record - no ISBN match on import to BLL01
=CAT  \\$aBATCH-LDLN$b00$c20161003$lBLL01$h2105
=CAT  \\$aBATCH-UPD$b00$c20161003$lBLL01$h2105
=CAT  \\$aBATCH-016$c20170823$lBLL01$h2158
=CAT  \\$a10999$b40$c20180419$lBLL01$h1419
=FMT  \\$a  BK
=LAS  \\$a10999$b40$c20180419$lBLL01$h1419

