=LDR  03218 am a2200505 i 4500
=001  018036155
=003  Uk
=005  20180523092031.0
=008  160830s2016\\\\enka\\\\\b\\\\000\0\eng\c
=015  \\$aGBB6D4817$2bnb
=016  7\$a018036155$2Uk
=020  \\$qpaperback
=035  \\$a(WlAbNL)99678333902419
=040  \\$aWlAbNL$beng$cWlAbNL$erda
=042  \\$aukscp
=100  1\$aAngelucci, Charles,$eauthor.
=245  10$aNewspapers in times of low advertising revenues /$cCharles Angelucci and Julia Cagé.
=264  \1$aLondon :$bCentre for Economic Policy Research,$c25 July 2016.
=300  \\$a60 pages :$billustrations (black and white) ;$c21 cm.
=336  \\$atext$btxt$2rdacontent
=336  \\$astill image$bsti$2rdacontent
=337  \\$aunmediated$bn$2rdamedia
=338  \\$avolume$bnc$2rdacarrier
=490  1\$aDiscussion paper (Centre for Economic Policy Research (Great Britain)),$x0265-8003$aPublic economics$aIndustrial organization ;$vno. 11414
=500  \\$a"Submitted 25 July 2016".
=504  \\$aIncludes bibliographical references (pages 36-41).
=520  \\$aNewspapers' advertising revenues have declined sharply in recent decades. We build a model to investigate the consequences on newspapers' pricing and quality choices of a reduction in advertisers' willingness to pay for readers' attention. In our model, selling subscriptions in addition to newsstand issues allows to price discriminate between readers. We show that lower advertising revenues decrease newspapers' incentives to provide quality, which increases newspapers' incentive to price discriminate whenever readers' sensitivity to quality is sufficiently high. We build a unique dataset on French newspapers between 1960 and 1974 and perform a difference-in-differences analysis using a "quasi-natural experiment": the introduction of advertising on television in 1968, which affects national newspapers more severely than local ones. We find robust evidence of increased price discrimination and decreased quality as a result of the drop in advertising revenues, which may help rationalize current industry trends.
=588  \\$aDescription based on online resource; title from http://www.cepr.org/active/publications/discussion_papers/dp.php?dpno=11414 viewed July 26, 2016.
=650  \0$aAdvertising, Newspaper$xEconomic aspects$zFrance.
=650  \0$aNewspapers$xPrices$zFrance.
=650  \0$aNewspaper publishing$zFrance$xFinance.
=650  \0$aMass media$xEconomic aspects.
=700  1\$aCagé, Julia,$eauthor.
=710  2\$aCentre for Economic Policy Research (Great Britain),$eissuing body.
=830  \0$aDiscussion paper (Centre for Economic Policy Research (Great Britain)) ;$vno. 11414.
=852  41$aBritish Library$bHMNTS$jYC.2018.a.7408
=856  40$uhttp://www.cepr.org/active/publications/discussion_papers/dp.php?dpno=11414
=985  \\$aLDLSCP record - no ISBN match on import to BLL01
=985  \\$aAwaiting NetCat DDC
=CAT  \\$aBATCH-LDLN$b00$c20161003$lBLL01$h2105
=CAT  \\$aBATCH-UPD$b00$c20161003$lBLL01$h2105
=CAT  \\$aBATCH-016$c20170823$lBLL01$h2158
=CAT  \\$a11405$b40$c20180523$lBLL01$h0920
=FMT  \\$a  BK
=LAS  \\$a11405$b40$c20180523$lBLL01$h0920

