=LDR  03074 am a2200505 i 4500
=001  018054178
=003  Uk
=005  20180611073716.0
=008  160914s2016\\\\enka\\\\\b\\\\000\0\eng\c
=015  \\$aGBB6D9671$2bnb
=016  7\$a018054178$2Uk
=020  \\$qpaperback
=035  \\$a(WlAbNL)99685630102419
=035  \\$a(StEdALDL)1/3488474
=035  \\$a(UkOxU)020669222
=040  \\$aStEdALDL$beng$cStEdALDL$dWlAbNL$erda
=042  \\$aukscp
=100  1\$aGuriev, S. M.,$eauthor.
=245  10$aWhat makes governments popular? /$cSergei Guriev and Daniel Treisman.
=264  \1$aLondon :$bCentre for Economic Policy Research,$c24 August 2016.
=300  \\$a46 pages, 1 unnumbered page :$billustrations (black and white) ;$c21 cm.
=336  \\$atext$btxt$2rdacontent
=336  \\$astill image$bsti$2rdacontent
=337  \\$aunmediated$bn$2rdamedia
=338  \\$avolume$bnc$2rdacarrier
=490  1\$aDiscussion paper (Centre for Economic Policy Research (Great Britain)),$x0265-8003$aPublic economics$aDevelopment economics ;$vno. 11460
=500  \\$a"Submitted 24 August 2016".
=504  \\$aIncludes bibliographical references (pages 26-29).
=520  \\$aWhy are some governments popular with their citizens while others get low approval ratings? International surveys show enormous variation both across countries and over time. In what we believe to be the first systematic, global, comparative study of political approval, we examine a panel of government ratings from 128 countries including both democracies and authoritarian states, over the years 2005-2014. We find that good economic performance is robustly correlated with higher approval in both democracies and non-democracies. Approval is also higher in the year of a presidential election in both types of regimes. In non-democracies, information matters: greater press freedom and internet penetration result in lower approval while internet censorship is associated with higher approval; these variables have no impact on approval in democracies. We did not find any clear relationship with repression, suggesting that if fear inflates ratings in non-democracies this may be offset by the dissatisfaction that repression also causes.
=650  \0$aPublic opinion.
=650  \0$aEconomic development$xPolitical aspects.
=650  \0$aPolitical psychology.
=700  1\$aTreisman, Daniel,$eauthor.
=710  2\$aCentre for Economic Policy Research (Great Britain),$eissuing body.
=830  \0$aDiscussion paper (Centre for Economic Policy Research (Great Britain)) ;$vno. 11460.
=852  41$aBritish Library$bHMNTS$jYK.2018.a.3127
=856  40$uhttp://www.cepr.org/active/publications/discussion_papers/dp.php?dpno=11460
=985  \\$aAwaiting NetCat DDC
=985  \\$aLDLSCP record - no ISBN match on import to BLL01
=CAT  \\$aBATCH-LDLN$b00$c20161010$lBLL01$h2120
=CAT  \\$aBATCH-UPD$b00$c20161010$lBLL01$h2120
=CAT  \\$aBATCH-016$c20161116$lBLL01$h2154
=CAT  \\$a10999$b40$c20180611$lBLL01$h0737
=FMT  \\$a  BK
=LAS  \\$a10999$b40$c20180611$lBLL01$h0737

