=LDR  03524 am a2200517 i 4500
=001  018054179
=003  Uk
=005  20180611073931.0
=008  160914s2016\\\\enka\\\\\b\\\\000\0\eng\c
=015  \\$aGBB6D9672$2bnb
=016  7\$a018054179$2Uk
=020  \\$qpaperback
=035  \\$a(WlAbNL)99685632302419
=035  \\$a(StEdALDL)1/3488445
=035  \\$a(UkOxU)020669194
=040  \\$aStEdALDL$beng$cStEdALDL$dUkOxU$dWlAbNL$erda
=042  \\$aukscp
=100  1\$aRazin, Assaf,$eauthor.
=245  10$aIsrael and the 1990-2015 global developments :$briding with the global flows and weathering the storms /$cAssaf Razin and Steven Rosefielde.
=264  \1$aLondon :$bCentre for Economic Policy Research,$c20 August 2016.
=300  \\$a94 pages :$billustrations (black and white) ;$c21 cm.
=336  \\$atext$btxt$2rdacontent
=336  \\$astill image$bsti$2rdacontent
=337  \\$aunmediated$bn$2rdamedia
=338  \\$avolume$bnc$2rdacarrier
=490  1\$aDiscussion paper (Centre for Economic Policy Research (Great Britain)),$x0265-8003$aInternational macroeconomics and finance ;$vno. 11445
=500  \\$a"Submitted 20 August 2016".
=504  \\$aIncludes bibliographical references (pages 86-94).
=520  \\$aThe global economy has been buffeted by several unprecedented economic events during the past 35 years. Israel had a remarkable development, from a low income high-inflation developing economy in the 1970s, to a medium to high income stable- inflation advanced economy in the 2000s, while increasingly integrated into the world economy. We survey the impact of these events on Israel's development, institutions, and economic policies. The extraordinary events surveyed include: (1) The collapse of the Soviet Union and the massive immigration to Israel which followed; (2) The Great Moderation in inflation and employment fluctuations in the advanced economies; (3) The 2008 global financial crisis, epi-centered in the US, and the contagion of the financial crisis to Europe; and (4) The rise of East Asia high-growth economies. Moderating spillovers from the advanced economies during the Great Moderation, the global information technology revolution, the influx of skilled immigrants from the former Soviet Union, the gradual buildup of robust and well-regulated financial institutions over decades after the hyper-inflation crisis, and the deep and extensive integration into the global economy, all provided the Israeli economy with an entry 'ticket' to the OECD; the 35-member group of the world advanced economies. However, it came at the cost of growing income inequality.
=650  \0$aEconomic development$zIsrael.
=650  \0$aMonetary policy$zIsrael.
=650  \0$aInflation (Finance)$zIsrael.
=651  \0$aIsrael$xEconomic conditions.
=700  1\$aRosefielde, Steven,$eauthor.
=710  2\$aCentre for Economic Policy Research (Great Britain),$eissuing body.
=830  \0$aDiscussion paper (Centre for Economic Policy Research (Great Britain)) ;$vno. 11445.
=852  41$aBritish Library$bHMNTS$jYK.2018.a.3128
=856  40$uhttp://www.cepr.org/active/publications/discussion_papers/dp.php?dpno=11445
=985  \\$aAwaiting NetCat DDC
=985  \\$aLDLSCP record - no ISBN match on import to BLL01
=CAT  \\$aBATCH-LDLN$b00$c20161010$lBLL01$h2120
=CAT  \\$aBATCH-UPD$b00$c20161010$lBLL01$h2120
=CAT  \\$aBATCH-016$c20161116$lBLL01$h2154
=CAT  \\$a10999$b40$c20180611$lBLL01$h0739
=FMT  \\$a  BK
=LAS  \\$a10999$b40$c20180611$lBLL01$h0739

