=LDR  03358 am a2200529 i 4500
=001  018067217
=003  Uk
=005  20180612091949.0
=008  160915s2016\\\\enka\\\\\b\\\\000\0\eng\c
=015  \\$aGBB6E2560$2bnb
=016  7\$a018067217$2Uk
=020  \\$qpaperback
=035  \\$a(WlAbNL)99685632802419
=035  \\$a(StEdALDL)1/3488516
=035  \\$a(UkOxU)020669253
=040  \\$aStEdALDL$beng$cStEdALDL$dUkOxU$dWIAbNL$erda
=042  \\$aukscp
=100  1\$aDreher, Axel,$eauthor.
=245  10$aInformation transmission and ownership consolidation in aid programs /$cAxel Dreher, Sarah Langlotz and Silvia Marchesi.
=264  \1$aLondon :$bCentre for Economic Policy Research,$c19 August 2016.
=300  \\$a42 pages :$billustrations (black and white) ;$c21 cm.
=336  \\$atext$btxt$2rdacontent
=336  \\$astill image$bsti$2rdacontent
=337  \\$aunmediated$bn$2rdamedia
=338  \\$avolume$bnc$2rdacarrier
=490  1\$aDiscussion paper (Centre for Economic Policy Research (Great Britain)),$x0265-8003$aDevelopment economics ;$vno. 11443
=500  \\$a"Submitted 19 August 2016".
=504  \\$aIncludes bibliographical references (pages 23-28).
=520  \\$aWe investigate the degree of leeway donors of foreign aid should grant to recipient governments when their preferences over how to implement the aid are different, and both the donor and recipient possess some private information about the most effective policies. Intuitively, our model shows that donors should stay in control of how their aid is spent when their own private information is more important than the private information of the recipient. Less obviously, an increase in the difference of preferences between donors and recipients can increase rather than decrease the leeway that donors should grant the recipients, as the recipients' information gains in importance relative to those of the donors, and recipients become less likely to communicate truthfully. We test the model using dyadic data for 28 bilateral aid donors and 112 recipients, over the 1995-2010 period. Our proxy for "centralized" aid is project aid, while budget aid leaves more leeway to the recipient and thus proxies for "decentralized" aid. In line with the model, misaligned interests and informational asymmetries indeed influence the shares of aid given as budget and project aid.
=650  \0$aEconomic assistance$xManagement.
=650  \0$aEconomic development projects$xManagement.
=650  \0$aDisclosure of information$xEconomic aspects.
=650  \0$aInternational economic relations.
=700  1\$aLanglotz, Sarah,$eauthor.
=700  1\$aMarchesi, Silvia,$eauthor.
=710  2\$aCentre for Economic Policy Research (Great Britain),$eissuing body.
=830  \0$aDiscussion paper (Centre for Economic Policy Research (Great Britain)) ;$vno. 11443.
=852  41$aBritish Library$bHMNTS$jYK.2018.a.3197
=856  40$uhttp://www.cepr.org/active/publications/discussion_papers/dp.php?dpno=11443
=985  \\$aAwaiting NetCat DDC
=985  \\$aLDLSCP record - no ISBN match on import to BLL01
=CAT  \\$aBATCH-LDLN$b00$c20161017$lBLL01$h2122
=CAT  \\$aBATCH-UPD$b00$c20161017$lBLL01$h2122
=CAT  \\$aBATCH-016$c20161116$lBLL01$h2154
=CAT  \\$a10999$b40$c20180612$lBLL01$h0919
=FMT  \\$a  BK
=LAS  \\$a10999$b40$c20180612$lBLL01$h0919

