=LDR  02846 am a2200517 i 4500
=001  018067218
=003  Uk
=005  20180606142631.0
=008  160915s2016\\\\enka\\\\\b\\\\000\0\eng\c
=015  \\$aGBB6E2561$2bnb
=016  7\$a018067218$2Uk
=020  \\$qpaperback
=035  \\$a(WlAbNL)99685633402419
=035  \\$a(StEdALDL)1/3488524
=035  \\$a(UkOxU)020669258
=040  \\$aStEdALDL$beng$cStEdALDL$dUkOxU$dWlAbNL$erda
=042  \\$aukscp
=100  1\$aBrunnermeier, Markus Konrad,$eauthor.
=245  14$aThe I theory of money /$cMarkus K Brunnermeier and Yuliy Sannikov.
=264  \1$aLondon :$bCentre for Economic Policy Research,$c20 August 2016.
=300  \\$a64 pages :$billustrations (black and white) ;$c21 cm.
=336  \\$atext$btxt$2rdacontent
=336  \\$astill image$bsti$2rdacontent
=337  \\$aunmediated$bn$2rdamedia
=338  \\$avolume$bnc$2rdacarrier
=490  1\$aDiscussion paper (Centre for Economic Policy Research (Great Britain)),$x0265-8003$aFinancial economics$aMonetary economics and fluctuations ;$vno. 11444
=500  \\$a"Submitted 20 August 2016".
=504  \\$aIncludes bibliographical references (pages 46-48).
=520  \\$aA theory of money needs a proper place for financial intermediaries. Intermediaries diversify risks and create inside money. In downturns, micro-prudent intermediaries shrink their lending activity, fire-sell assets and supply less inside money, exactly when money demand rises. The resulting Fisher disinflation hurts intermediaries and other borrowers. Shocks are amplified, volatility spikes and risk premia rise. Monetary policy is redistributive. Accommodative monetary policy that boosts assets held by balance sheet impaired sectors, recapitalizes them and mitigates the adverse liquidity and disinflationary spirals. Since monetary policy cannot provide insurance and control risk-taking separately, adding macroprudential policy that limits leverage attains higher welfare.
=650  \0$aMoney supply$xEconomic aspects.
=650  \0$aMonetary policy.
=650  \0$aQuantity theory of money.
=650  \0$aRisk.
=700  1\$aSannikov, Yuliy,$eauthor.
=710  2\$aCentre for Economic Policy Research (Great Britain),$eissuing body.
=830  \0$aDiscussion paper (Centre for Economic Policy Research (Great Britain)) ;$vno. 11444.
=852  41$aBritish Library$bHMNTS$jYK.2018.a.3004
=856  40$uhttp://www.cepr.org/active/publications/discussion_papers/dp.php?dpno=11444
=985  \\$aAwaiting NetCat DDC
=985  \\$aLDLSCP record - no ISBN match on import to BLL01
=CAT  \\$aBATCH-LDLN$b00$c20161017$lBLL01$h2122
=CAT  \\$aBATCH-UPD$b00$c20161017$lBLL01$h2122
=CAT  \\$aBATCH-016$c20161116$lBLL01$h2154
=CAT  \\$a10999$b40$c20180606$lBLL01$h1426
=FMT  \\$a  BK
=LAS  \\$a10999$b40$c20180606$lBLL01$h1426

