=LDR  02722 am a2200517 i 4500
=001  018067219
=003  Uk
=005  20180606141547.0
=008  160915s2016\\\\enk\\\\\\b\\\\000\0\eng\c
=015  \\$aGBB6E2562$2bnb
=016  7\$a018067219$2Uk
=020  \\$qpaperback
=035  \\$a(WlAbNL)99685634202419
=035  \\$a(StEdALDL)1/3488507
=035  \\$a(UkOxU)020669245
=040  \\$aStEdALDL$beng$cStEdALDL$dUkOxU$dWlAbNL$erda
=042  \\$aukscp
=100  1\$aFerreira, Miguel A.,$eauthor.
=245  10$aInvestor-stock decoupling in mutual funds /$cMiguel Ferreira, Massimo Massa and Pedro Pinto Matos.
=264  \1$aLondon :$bCentre for Economic Policy Research,$c29 August 2016.
=300  \\$a45 pages, 1 unnumbered page, 8 pages ;$c21 cm.
=336  \\$atext$btxt$2rdacontent
=337  \\$aunmediated$bn$2rdamedia
=338  \\$avolume$bnc$2rdacarrier
=490  1\$aDiscussion paper (Centre for Economic Policy Research (Great Britain)),$x0265-8003$aFinancial economics ;$vno. 11476
=500  \\$a"Submitted 29 August 2016".
=504  \\$aIncludes bibliographical references (pages 28-31).
=520  \\$aWe investigate whether mutual funds whose investors and stocks are decoupled (i.e., investor location does not coincide with that of the stock holdings) benefit from a natural hedge as they have fewer outflows during market downturns and fewer inflows during upturns. Using a sample of equity mutual funds from 26 countries, we find that funds with higher investor-stock decoupling exhibit higher performance and this is more pronounced during the 2007-2008 financial crisis. We also find that decoupling allows fund managers to take less risk, be more active, and tilt their portfolios toward smaller and less liquid stocks.
=650  \0$aInvestments, Foreign$xEconomic aspects.
=650  \0$aMutual funds$xEconomic aspects.
=650  \0$aArbitrage$xEconomic aspects.
=650  \0$aFlow of funds$xEconomic aspects.
=700  1\$aMassa, Massimo,$eauthor.
=700  1\$aMatos, Pedro,$d1975-$eauthor.
=710  2\$aCentre for Economic Policy Research (Great Britain),$eissuing body.
=830  \0$aDiscussion paper (Centre for Economic Policy Research (Great Britain)) ;$vno. 11476.
=852  41$aBritish Library$bHMNTS$jYK.2018.a.2996
=856  40$uhttp://www.cepr.org/active/publications/discussion_papers/dp.php?dpno=11476
=985  \\$aAwaiting NetCat DDC
=985  \\$aLDLSCP record - no ISBN match on import to BLL01
=CAT  \\$aBATCH-LDLN$b00$c20161017$lBLL01$h2122
=CAT  \\$aBATCH-UPD$b00$c20161017$lBLL01$h2122
=CAT  \\$aBATCH-016$c20161116$lBLL01$h2154
=CAT  \\$a10999$b40$c20180606$lBLL01$h1415
=FMT  \\$a  BK
=LAS  \\$a10999$b40$c20180606$lBLL01$h1415

