=LDR  03343 am a2200493 i 4500
=001  018067220
=003  Uk
=005  20180606134010.0
=008  160915s2016\\\\enka\\\\\b\\\\000\0\eng\c
=015  \\$aGBB6E2563$2bnb
=016  7\$a018067220$2Uk
=020  \\$qpaperback
=035  \\$a(WlAbNL)99685634702419
=035  \\$a(StEdALDL)1/3488511
=035  \\$a(UkOxU)020669249
=040  \\$aStEdALDL$beng$cStEdALDL$dWlAbNL$erda
=042  \\$aukscp
=100  1\$aGötte, Lorenz,$eauthor.
=245  10$aOvercoming salience bias :$bhow real-time feedback fosters resource conservation /$cLorenz Götte [and six others].
=264  \1$aLondon :$bCentre for Economic Policy Research,$c30 August 2016.
=300  \\$a42 pages :$billustrations (black and white) ;$c21 cm.
=336  \\$atext$btxt$2rdacontent
=336  \\$astill image$bsti$2rdacontent
=337  \\$aunmediated$bn$2rdamedia
=338  \\$avolume$bnc$2rdacarrier
=490  1\$aDiscussion paper (Centre for Economic Policy Research (Great Britain)),$x0265-8003$aPublic economics ;$vno. 11480
=500  \\$a"Submitted 30 August 2016".
=504  \\$aIncludes bibliographical references (pages 36-42).
=520  \\$aInattention and imperfect information bias behavior toward the salient and immediately visible. This distortion causes costs to individuals, the organizations they work in, and society at large. We show that an effective way to overcome this bias is making the implications of one's behavior salient in real time, while individuals can directly adapt. In a large-scale field experiment, we gave participants real-time feedback on the resource consumption of a daily, energy-intensive behavior (showering). We find that real-time feedback reduced resource consumption for the target behavior by 22%. At the household level, this led to much larger conservation gains in absolute terms than conventional policy interventions that provide aggregate feedback on resource use. High-baseline users displayed a larger conservation effect, in line with the notion that real-time feedback helps eliminate "slack" in resource use. The approach is cost-effective, technically applicable to the vast majority of households, and generated savings of 1.2 kWh per day and household, which exceeds the average energy use for lighting.The intervention also shows how digitalization in our every- day lives makes information available that can help individuals overcome salience bias and act more in line with their preferences.
=650  \0$aFeedback (Psychology)$xEconomic aspects.
=650  \0$aConsumer behavior$xEconomic aspects.
=650  \0$aEnergy conservation$xEconomic aspects.
=710  2\$aCentre for Economic Policy Research (Great Britain),$eissuing body.
=830  \0$aDiscussion paper (Centre for Economic Policy Research (Great Britain)) ;$vno. 11480.
=852  41$aBritish Library$bHMNTS$jYK.2018.a.2969
=856  40$uhttp://www.cepr.org/active/publications/discussion_papers/dp.php?dpno=11480
=985  \\$aAwaiting NetCat DDC
=985  \\$aLDLSCP record - no ISBN match on import to BLL01
=CAT  \\$aBATCH-LDLN$b00$c20161017$lBLL01$h2122
=CAT  \\$aBATCH-UPD$b00$c20161017$lBLL01$h2122
=CAT  \\$aBATCH-016$c20161116$lBLL01$h2154
=CAT  \\$a10999$b40$c20180606$lBLL01$h1340
=FMT  \\$a  BK
=LAS  \\$a10999$b40$c20180606$lBLL01$h1340

