=LDR  03275 am a2200505 i 4500
=001  018067262
=003  Uk
=005  20180417144105.0
=008  160830s2016\\\\enka\\\\\b\\\\000\0\eng\c
=015  \\$aGBB6E2605$2bnb
=016  7\$a018067262$2Uk
=020  \\$qpaperback
=035  \\$a(WlAbNL)99678333502419
=040  \\$aWlAbNL$beng$cWlAbNL$erda
=042  \\$aukscp
=100  1\$aPanebianco, Fabrizio,$d1982-$eauthor.
=245  10$aInnovation, pricing and targeting in networks /$cFabrizio Panebianco, Thierry Verdier and Yves Zenou.
=264  \1$aLondon :$bCentre for Economic Policy Research,$c19 July 2016.
=300  \\$a55 pages :$billustrations (black and white) ;$c21 cm.
=336  \\$atext$btxt$2rdacontent
=336  \\$astill image$bsti$2rdacontent
=337  \\$aunmediated$bn$2rdamedia
=338  \\$avolume$bnc$2rdacarrier
=490  1\$aDiscussion paper (Centre for Economic Policy Research (Great Britain)),$x0265-8003$aIndustrial organization ;$vno. 11398
=500  \\$a"Submitted 19 July 2016".
=504  \\$aIncludes bibliographical references (pages 35-38).
=520  \\$aConsider a network of firms where a firm T is given the opportunity to innovate a product (first-generation innovation). If successful, this firm can temporarily sell this innovation to her direct neighbors because this will give her access to a larger market. However, if her direct neighbors innovate themselves on top of firm T's innovation (second-generation innovations), then firm T loses the right to sell her initial innovation to the remaining firms in the market. We analyze this game where each firm (T and her direct neighbors) has to decide at which price they want to sell their innovation. We show that the optimal price policy of each firm depends on the level of property rights protection, the position of firm T in the network, her degree and the size of the market. We then analyze the welfare implications of our model where the planner that maximizes total welfare has to decide which firm to target. We show that it depends on the level of property rights protection and on the network structure in a non-trivial way.
=588  \\$aDescription based on online resource; title from http://www.cepr.org/active/publications/discussion_papers/dp.php?dpno=11398 viewed July 19, 2016.
=650  \0$aTechnological innovations$xEconomic aspects$xEconometric models.
=650  \0$aPricing$xEconometric models.
=650  \0$aSocial networks$xEconomic aspects$xEconometric models.
=700  1\$aVerdier, Thierry,$d1961-$eauthor.
=700  1\$aZenou, Yves,$eauthor.
=710  2\$aCentre for Economic Policy Research (Great Britain),$eissuing body.
=830  \0$aDiscussion paper (Centre for Economic Policy Research (Great Britain)) ;$vno. 11398.
=852  41$aBritish Library$bHMNTS$jYK.2018.a.1962
=856  40$uhttp://www.cepr.org/active/publications/discussion_papers/dp.php?dpno=11398
=985  \\$aAwaiting NetCat DDC
=985  \\$aLDLSCP record - no ISBN match on import to BLL01
=CAT  \\$aBATCH-LDLN$b00$c20161017$lBLL01$h2122
=CAT  \\$aBATCH-UPD$b00$c20161017$lBLL01$h2122
=CAT  \\$aBATCH-016$c20170823$lBLL01$h2158
=CAT  \\$a10999$b40$c20180417$lBLL01$h1441
=FMT  \\$a  BK
=LAS  \\$a10999$b40$c20180417$lBLL01$h1441

