=LDR  02972 am a2200493 i 4500
=001  018082497
=003  Uk
=005  20180606140949.0
=008  160914s2016\\\\enka\\\\\b\\\\000\0\eng\c
=015  \\$aGBB6E7094$2bnb
=016  7\$a018082497$2Uk
=020  \\$qpaperback
=035  \\$a(WlAbNL)99685632902419
=035  \\$a(StEdALDL)1/3488481
=035  \\$a(UkOxU)020669228
=040  \\$aStEdALDL$beng$cStEdALDL$dUkOxU$dWlAbNL$erda
=042  \\$aukscp
=100  1\$aBofinger, Peter,$eauthor.
=245  10$aIncome distribution and aggregate saving :$ba non-monotonic relationship /$cPeter Bofinger and Philipp Scheuermeyer.
=264  \1$aLondon :$bCentre for Economic Policy Research,$c15 August 2016.
=300  \\$a47 pages :$billustrations (black and white) ;$c21 cm.
=336  \\$atext$btxt$2rdacontent
=336  \\$astill image$bsti$2rdacontent
=337  \\$aunmediated$bn$2rdamedia
=338  \\$avolume$bnc$2rdacarrier
=490  1\$aDiscussion paper (Centre for Economic Policy Research (Great Britain)),$x0265-8003$aMacroeconomics and growth ;$vno. 11435
=500  \\$a"Submitted 15 August 2016".
=504  \\$aIncludes bibliographical references (pages 25-28).
=520  \\$aDrawing on a panel of 29 advanced economies, this paper documents a concave and non-monotonic link between inequality and the aggregate household saving rate. We find that, at a low level of inequality, more inequality is associated with higher saving; but also show that a negative relationship between inequality and saving prevails, where inequality is high. Using different empirical approaches, we locate the turning-point, where the marginal effect of inequality turns from positive to negative, at a net income Gini coefficient of around 30. Moreover, we show that the relationship between inequality and saving also depends on financial market conditions: While inequality increases saving, when credit is scarce, it tends to reduce saving at high levels of credit. This paper primarily focuses on household saving, yet we also find some evidence for a non-monotonic effect of inequality on private saving, national saving, and the current account balance.
=650  \0$aIncome distribution.
=650  \0$aSaving and investment.
=700  1\$aScheuermeyer, Philipp,$eauthor.
=710  2\$aCentre for Economic Policy Research (Great Britain),$eissuing body.
=830  \0$aDiscussion paper (Centre for Economic Policy Research (Great Britain)) ;$vno. 11435.
=852  41$aBritish Library$bHMNTS$jYK.2018.a.2992
=856  40$uhttp://www.cepr.org/active/publications/discussion_papers/dp.php?dpno=11435
=985  \\$aAwaiting NetCat DDC
=985  \\$aLDLSCP record - no ISBN match on import to BLL01
=CAT  \\$aBATCH-LDLN$b00$c20161031$lBLL01$h2119
=CAT  \\$aBATCH-UPD$b00$c20161031$lBLL01$h2119
=CAT  \\$aBATCH-016$c20161116$lBLL01$h2154
=CAT  \\$a10999$b40$c20180606$lBLL01$h1409
=FMT  \\$a  BK
=LAS  \\$a10999$b40$c20180606$lBLL01$h1409

