=LDR  02932 am a2200517 i 4500
=001  018082498
=003  Uk
=005  20180606141058.0
=008  160914s2016\\\\enka\\\\\b\\\\000\0\eng\c
=015  \\$aGBB6E7095$2bnb
=016  7\$a018082498$2Uk
=020  \\$qpaperback
=035  \\$a(WlAbNL)99685633202419
=035  \\$a(StEdALDL)1/3488468
=035  \\$a(UkOxU)020669216
=040  \\$aStEdALDL$beng$cStEdALDL$dUkOxU$dWlAbNL$erda
=042  \\$aukscp
=100  1\$aAdermon, Adrian,$d1981-$eauthor.
=245  10$aIntergenerational wealth mobility and the role of inheritance :$bevidence from multiple generations /$cAdrian Adermon, Mikael Lindahl and Daniel Waldenström.
=264  \1$aLondon :$bCentre for Economic Policy Research,$c23 August 2016.
=300  \\$a56 pages :$billustrations (black and white) ;$c21 cm.
=336  \\$atext$btxt$2rdacontent
=336  \\$astill image$bsti$2rdacontent
=337  \\$aunmediated$bn$2rdamedia
=338  \\$avolume$bnc$2rdacarrier
=490  1\$aDiscussion paper (Centre for Economic Policy Research (Great Britain)),$x0265-8003$aEconomic history$aPublic economics ;$vno. 11456
=500  \\$a"Submitted 23 August 2016".
=504  \\$aIncludes bibliographical references (pages 26-29).
=520  \\$aThis study estimates intergenerational correlations in mid-life wealth across three generations, and a young fourth generation, and examines how much of the parent-child association that can be explained by inheritances. Using a Swedish data set we find parent-child rank correlations of 0.3-0.4 and grandparents-grandchild rank correlations of 0.1-0.2. Conditional on parents' wealth, grandparents' wealth is weakly positively associated with grandchild's wealth and the parent-child correlation is basically unchanged if we control for grandparents' wealth. Bequests and gifts strikingly account for at least 50 per cent of the parent-child wealth correlation while earnings and education are only able to explain 25 per cent.
=650  \0$aInheritance and succession$zSweden.
=650  \0$aIntergenerational relations$xEconomic aspects$zSweden.
=650  \0$aSocial mobility$zSweden.
=700  1\$aLindahl, Mikael,$eauthor.
=700  1\$aWaldenström, Daniel,$d1974-$eauthor.
=710  2\$aCentre for Economic Policy Research (Great Britain),$eissuing body.
=830  \0$aDiscussion paper (Centre for Economic Policy Research (Great Britain)) ;$vno. 11456.
=852  41$aBritish Library$bHMNTS$jYK.2018.a.2993
=856  40$uhttp://www.cepr.org/active/publications/discussion_papers/dp.php?dpno=11456
=985  \\$aAwaiting NetCat DDC
=985  \\$aLDLSCP record - no ISBN match on import to BLL01
=CAT  \\$aBATCH-LDLN$b00$c20161031$lBLL01$h2119
=CAT  \\$aBATCH-UPD$b00$c20161031$lBLL01$h2119
=CAT  \\$aBATCH-016$c20161116$lBLL01$h2154
=CAT  \\$a10999$b40$c20180606$lBLL01$h1410
=FMT  \\$a  BK
=LAS  \\$a10999$b40$c20180606$lBLL01$h1410

