=LDR  02646 am a2200505 i 4500
=001  018082499
=003  Uk
=005  20180606134332.0
=008  160915s2016\\\\enka\\\\\b\\\\000\0\eng\c
=015  \\$aGBB6E7096$2bnb
=016  7\$a018082499$2Uk
=020  \\$qpaperback
=035  \\$a(WlAbNL)99685635402419
=035  \\$a(StEdALDL)1/3488509
=035  \\$a(UkOxU)020669247
=040  \\$aStEdALDL$beng$cStEdALDL$dWlAbNL$erda
=042  \\$aukscp
=100  1\$aGossner, Olivier,$eauthor.
=245  10$aOptimal illusion of control and related perception biases /$cOlivier Gossner and Jakub Steiner.
=264  \1$aLondon :$bCentre for Economic Policy Research,$c29 August 2016.
=300  \\$a38 pages :$billustrations (black and white) ;$c21 cm.
=336  \\$atext$btxt$2rdacontent
=336  \\$astill image$bsti$2rdacontent
=337  \\$aunmediated$bn$2rdamedia
=338  \\$avolume$bnc$2rdacarrier
=490  1\$aDiscussion paper (Centre for Economic Policy Research (Great Britain)),$x0265-8003$aIndustrial organization ;$vno. 11478
=500  \\$a"Submitted 29 August 2016".
=504  \\$aIncludes bibliographical references (pages 35-38).
=520  \\$aWe study perception biases arising under second-best perception strategies. An agent correctly observes a parameter that is payoff-relevant in many decision problems that she encounters in her environment but is unable to retain all the information until her decision. A designer of the decision process chooses a perception strategy that determines the distribution of the perception errors. If some information loss is unavoidable due to cognition constraints, then (under additional conditions) the optimal perception strategy exhibits the illusion of control, overconfidence, and optimism.
=650  \0$aDecision making$xEconomic aspects.
=650  \0$aHuman behavior$xEconomic aspects.
=650  \0$aControl (Psychology)$xEconomic aspects.
=700  1\$aSteiner, Jakub,$eauthor.
=710  2\$aCentre for Economic Policy Research (Great Britain),$eissuing body.
=830  \0$aDiscussion paper (Centre for Economic Policy Research (Great Britain)) ;$vno. 11478.
=852  41$aBritish Library$bHMNTS$jYK.2018.a.2972
=856  40$uhttp://www.cepr.org/active/publications/discussion_papers/dp.php?dpno=11478
=985  \\$aAwaiting NetCat DDC
=985  \\$aLDLSCP record - no ISBN match on import to BLL01
=CAT  \\$aBATCH-LDLN$b00$c20161031$lBLL01$h2119
=CAT  \\$aBATCH-UPD$b00$c20161031$lBLL01$h2120
=CAT  \\$aBATCH-016$c20161116$lBLL01$h2154
=CAT  \\$a10999$b40$c20180606$lBLL01$h1343
=FMT  \\$a  BK
=LAS  \\$a10999$b40$c20180606$lBLL01$h1343

