=LDR  02918 am a2200505 i 4500
=001  018103351
=003  Uk
=005  20180612090349.0
=008  161017s2016\\\\enk\\\\\\b\\\\000\0\eng\c
=015  \\$aGBB6F7940$2bnb
=016  7\$a018103351$2Uk
=020  \\$qpaperback
=035  \\$a(WlAbNL)99710942702419
=035  \\$a(StEdALDL)1/3500909
=035  \\$a(UkOxU)020695232
=040  \\$aStEdALDL$beng$cStEdALDL$dWlAbNL$erda
=042  \\$aukscp
=100  10$aOsang, Thomas,$d1962-$eauthor.
=245  10$aImmigration policies, labor complementarities, population size and cultural frictions :$btheory and evidence /$cThomas Osang and Shlomo Weber.
=264  \1$aLondon :$bCentre for Economic Policy Research,$c2016.
=300  \\$a26 pages ;$c21 cm.
=336  \\$atext$btxt$2rdacontent
=337  \\$aunmediated$bn$2rdamedia
=338  \\$avolume$bnc$2rdacarrier
=490  1\$aDiscussion paper series,$x0265-8003$aLabour economics ;$vno. DP11526
=500  \\$a"Submitted 23 September 2016".
=504  \\$aIncludes bibliographical references (pages 25-26).
=520  \\$aIn this paper we consider a simple model of international migration developed in Fujita and Weber (2010). There are two countries A and B, that differ in population size, degree of labor complementarity between natives and immigrants, as well as cultural attitudes towards immigrants. The countries select immigration quotas for the world population of immigrants. We apply the existence result of Fujita-Weber and show that in equilibrium the larger country attracts more immigrants, while choosing a lower quota than its smaller counterpart. It also turns out that higher degree of labor complementarity between natives and immigrants and a lower degree of cultural friction between two groups yield higher immigration quota. Finally, we test the empiricalvalidity of the model using time-series country-level data and demonstrate that both cross-section and panel data approaches support several of the key theoretical findings.
=650  \0$aEmigration and immigration$xEconomic aspects.
=650  \0$aEmigration and immigration$xPublic opinion.
=650  \0$aForeign workers$xGovernment policy.
=650  \0$aEthnic attitudes$xEconomic aspects.
=650  \0$aEconomic development.
=700  1\$aWeber, Shlomo,$eauthor.
=830  \0$aDiscussion paper (Centre for Economic Policy Research (Great Britain)) ;$vno. 11526.
=852  41$aBritish Library$bHMNTS$jYK.2018.a.3191
=856  40$uhttp://www.cepr.org/active/publications/discussion_papers/dp.php?dpno=11526
=985  \\$aAwaiting NetCat DDC
=985  \\$aLDLSCP record - no ISBN match on import to BLL01
=CAT  \\$aBATCH-LDLN$b00$c20161114$lBLL01$h2111
=CAT  \\$aBATCH-UPD$b00$c20161114$lBLL01$h2112
=CAT  \\$aBATCH-016$c20161123$lBLL01$h2202
=CAT  \\$a10999$b40$c20180612$lBLL01$h0903
=FMT  \\$a  BK
=LAS  \\$a10999$b40$c20180612$lBLL01$h0903

