=LDR  02547 am a2200505 i 4500
=001  018112245
=003  Uk
=005  20180611080153.0
=008  161017s2016\\\\enka\\\\\b\\\\000\0\eng\c
=015  \\$aGBB6J0309$2bnb
=016  7\$a018112245$2Uk
=020  \\$qpaperback
=035  \\$a(WlAbNL)99710941902419
=035  \\$a(StEdALDL)1/3500915
=035  \\$a(UkOxU)020695238
=040  \\$aStEdALDL$beng$cStEdALDL$dWlAbNL$erda
=042  \\$aukscp
=100  1\$aRose, Andrew,$d1959-$eauthor.
=245  10$aWhy do estimates of the EMU effect on trade vary so much? /$cAndrew K. Rose.
=264  \1$aLondon :$bCentre for Economic Policy Research,$c2016.
=300  \\$a25 pages :$billustrations (black and white) ;$c21 cm.
=336  \\$atext$btxt$2rdacontent
=336  \\$astill image$bsti$2rdacontent
=337  \\$aunmediated$bn$2rdamedia
=338  \\$avolume$bnc$2rdacarrier
=490  1\$aDiscussion paper series,$x0265-8003$aInternational trade and regional economics$aInternational macroeconomics and finance ;$vno. DP11532
=500  \\$a"Submitted 25 September 2016".
=504  \\$aIncludes bibliographical references (pages 14-17).
=520  \\$aLarger data sets, with more countries and a longer span of time, exhibit systematically larger effects of European monetary union on trade. I establish this stylized fact with meta-analysis and confirm it by estimating a plain-vanilla gravity model. I then explain this finding by examining systematic biases in "multilateral resistance to trade" manifest in time-varying country fixed effects; bias grows as the sample is truncated by dropping small poor countries.
=610  20$aEconomic and Monetary Union.
=650  \0$aMonetary unions$zEuropean Union countries$xEconometric models.
=650  \0$aInternational trade$xEconometric models.
=650  \0$aMonetary policy$zEuropean Union countries$xEconometric models.
=830  \0$aDiscussion paper (Centre for Economic Policy Research (Great Britain)) ;$vno. 11532.
=852  41$aBritish Library$bHMNTS$jYK.2018.a.3138
=856  40$uhttp://www.cepr.org/active/publications/discussion_papers/dp.php?dpno=11532
=985  \\$aAwaiting NetCat DDC
=985  \\$aLDLSCP record - no ISBN match on import to BLL01
=CAT  \\$aBATCH-LDLN$b00$c20161121$lBLL01$h2121
=CAT  \\$aBATCH-UPD$b00$c20161121$lBLL01$h2121
=CAT  \\$aBATCH-016$c20161123$lBLL01$h2202
=CAT  \\$a10999$b40$c20180611$lBLL01$h0801
=CAT  \\$aBATCH-UPD$b40$c20200509$lBLL01$h0719
=FMT  \\$a  BK
=LAS  \\$aBATCH-UPD$b40$c20200509$lBLL01$h0719

