=LDR  02611 am a2200493 i 4500
=001  018120038
=003  Uk
=005  20180606140110.0
=008  161024s2016\\\\enk\\\\\\b\\\\000\0\eng\c
=015  \\$aGBB6J3573$2bnb
=016  7\$a018120038$2Uk
=020  \\$qpaperback
=035  \\$a(WlAbNL)99710942502419
=035  \\$a(StEdALDL)1/3502829
=035  \\$a(UkOxU)020695543
=040  \\$aStEdALDL$beng$cStEdALDL$dWlAbNL$erda
=042  \\$aukscp
=100  10$aBrav, Alon,$eauthor.
=245  10$aWolf pack activism /$cAlon Brav, Amil Dasgupta and Richmond Mathews.
=264  \1$aLondon :$bCentre for Economic Policy Research,$c16 September 2016.
=300  \\$a53 pages ;$c21 cm.
=336  \\$atext$btxt$2rdacontent
=337  \\$aunmediated$bn$2rdamedia
=338  \\$avolume$bnc$2rdacarrier
=490  1\$aDiscussion paper series,$x0265-8003$aFinancial economics ;$vno. DP11507
=500  \\$a"Submitted 16 September 2016".
=504  \\$aIncludes bibliographical references (pages 50-53).
=520  \\$aBlockholder monitoring is key to corporate governance, but blockholders large enough to exercise significant unilateral influence are rare. Mechanisms that enable small blockholders to exert collective influence are therefore important. It is alleged that institutional blockholders sometimes implicitly coordinate their interventions, with one acting as "lead" activist and others as peripheral "wolf pack" members. We present a model of wolf pack activism. Our model formalizes a key source of complementarity across the engagement strategies of activists and highlights the catalytic role played by the leader. We also characterize share acquisition in pack formation, providing testable implications on ownership and price dynamics.
=650  \0$aCorporate governance$xEconometric models.
=650  \0$aStockholders$xEconometric models.
=650  \0$aCorporations$xDecision making$xEconometric models.
=700  1\$aDasgupta, Amil,$eauthor.
=700  1\$aMathews, Richmond,$eauthor.
=830  \0$aDiscussion paper (Centre for Economic Policy Research (Great Britain)) ;$vno. 11507.
=852  41$aBritish Library$bHMNTS$jYK.2018.a.2984
=856  40$uhttp://www.cepr.org/active/publications/discussion_papers/dp.php?dpno=11507
=985  \\$aAwaiting NetCat DDC
=985  \\$aLDLSCP record - no ISBN match on import to BLL01
=CAT  \\$aBATCH-LDLN$b00$c20161128$lBLL01$h2110
=CAT  \\$aBATCH-UPD$b00$c20161128$lBLL01$h2111
=CAT  \\$aBATCH-016$c20171018$lBLL01$h2152
=CAT  \\$a10999$b40$c20180606$lBLL01$h1401
=FMT  \\$a  BK
=LAS  \\$a10999$b40$c20180606$lBLL01$h1401

