=LDR  02440 am a2200469 i 4500
=001  018120039
=003  Uk
=005  20180606140247.0
=008  161024s2016\\\\enka\\\\\b\\\\000\0\eng\c
=015  \\$aGBB6J3574$2bnb
=016  7\$a018120039$2Uk
=020  \\$qpaperback
=035  \\$a(WlAbNL)99710942602419
=035  \\$a(StEdALDL)1/3502838
=035  \\$a(UkOxU)020695552
=040  \\$aStEdALDL$beng$cStEdALDL$dWlAbNL$erda
=042  \\$aukscp
=100  1\$aHernandez-Arenaz, Iñigo,$d1987-$eauthor.
=245  10$aWomen ask for less (only from men) :$bevidence from alternating-offer bargaining in the field /$cIñigo Hernandez-Arenaz and Nagore Iriberri.
=264  \1$aLondon :$bCentre for Economic Policy Research,$c2016.
=300  \\$a39 pages :$billustrations ;$c21 cm.
=336  \\$atext$btxt$2rdacontent
=337  \\$aunmediated$bn$2rdamedia
=338  \\$avolume$bnc$2rdacarrier
=490  1\$aDiscussion paper series,$x0265-8003$aLabour economics ;$vno. DP11514
=500  \\$a"Submitted 19 September 2016".
=504  \\$aIncludes bibliographical references (pages 26-28).
=520  \\$aWe study gender differences and gender interaction effects in bargaining. Data from a TV show offer a unique opportunity to observe both bargaining outcomes and behavior, with sizable stakes. The matching between male proposers (strong position) and female responders (weak position) is different from all other matchings. No differences are observed in opening offers, but women demand less from men than from women. This differential behavior yields bargaining outcomes that are more favorable for men and less favorable for women when male proposers encounter female responders.
=650  \0$aNegotiation$xSex differences.
=650  \0$aNegotiation in business$xSex differences.
=700  1\$aIriberri, Nagore,$eauthor.
=830  \0$aDiscussion paper (Centre for Economic Policy Research (Great Britain)) ;$vno. 11514.
=852  41$aBritish Library$bHMNTS$jYK.2018.a.2985
=856  40$uhttp://www.cepr.org/active/publications/discussion_papers/dp.php?dpno=11514
=985  \\$aAwaiting NetCat DDC
=985  \\$aLDLSCP record - no ISBN match on import to BLL01
=CAT  \\$aBATCH-LDLN$b00$c20161128$lBLL01$h2110
=CAT  \\$aBATCH-UPD$b00$c20161128$lBLL01$h2111
=CAT  \\$aBATCH-016$c20171018$lBLL01$h2152
=CAT  \\$a10999$b40$c20180606$lBLL01$h1402
=FMT  \\$a  BK
=LAS  \\$a10999$b40$c20180606$lBLL01$h1402

