=LDR  02804 am a2200493 i 4500
=001  018120040
=003  Uk
=005  20180612092256.0
=008  161024s2016\\\\enka\\\\\b\\\\000\0\eng\c
=015  \\$aGBB6J3575$2bnb
=016  7\$a018120040$2Uk
=020  \\$qpaperback
=035  \\$a(WlAbNL)99710943102419
=035  \\$a(StEdALDL)1/3502842
=035  \\$a(UkOxU)020695556
=040  \\$aStEdALDL$beng$cStEdALDL$dUkOxU$dWlAbNL$erda
=042  \\$aukscp
=100  1\$aAntolin-Diaz, Juan,$eauthor.
=245  10$aNarrative sign restrictions for SVARs /$cJuan Antolin-Diaz and Juan Francisco Rubio-Ramírez.
=264  \1$aLondon :$bCentre for Economic Policy Research,$c2016.
=300  \\$a39, 12 pages :$billustrations (black and white) ;$c21 cm.
=336  \\$atext$btxt$2rdacontent
=337  \\$aunmediated$bn$2rdamedia
=338  \\$avolume$bnc$2rdacarrier
=490  1\$aDiscussion paper series,$x0265-8003$aMonetary economics and fluctuations ;$vDP11517
=500  \\$a"Submitted 20 September 2016".
=504  \\$aIncludes bibliographical references (pages 35-39).
=520  \\$aThis paper identifies structural vector autoregressions using narrative sign restrictions. Narrative sign restrictions constrain the structural shocks and the historical decomposition of the data around key historical events, ensuring that they agree with the established account of these episodes. Using models of the oil market and monetary policy, we show that narrative sign restrictions can be highly informative. In particular we highlight that adding a small number of narrative sign restrictions, or sometimes even a single one, dramatically sharpens and even changes the inference of SVARs originally identified via the established practice of placing sign restrictions only on the impulse response functions. We see our approach as combining the appeal of narrative methods with the desire for basing inference on a few uncontroversial restrictions that popularized the use of sign restrictions.
=650  \0$aAutoregression (Statistics)
=650  \0$aRegression analysis.
=650  \0$aVector analysis.
=650  \0$aMonetary policy.
=700  1\$aRubio-Ramírez, Juan Francisco,$eauthor.
=830  \0$aDiscussion paper (Centre for Economic Policy Research (Great Britain)) ;$vno. 11517.
=852  41$aBritish Library$bHMNTS$jYK.2018.a.3198
=856  40$uhttp://www.cepr.org/active/publications/discussion_papers/dp.php?dpno=11517
=985  \\$aAwaiting NetCat DDC
=985  \\$aLDLSCP record - no ISBN match on import to BLL01
=CAT  \\$aBATCH-LDLN$b00$c20161128$lBLL01$h2110
=CAT  \\$aBATCH-UPD$b00$c20161128$lBLL01$h2111
=CAT  \\$aBATCH-016$c20171018$lBLL01$h2152
=CAT  \\$a10999$b40$c20180612$lBLL01$h0922
=FMT  \\$a  BK
=LAS  \\$a10999$b40$c20180612$lBLL01$h0922

