=LDR  03572 am a2200493 i 4500
=001  018120041
=003  Uk
=005  20180606132754.0
=008  161024s2016\\\\enka\\\\\b\\\\000\0\eng\c
=015  \\$aGBB6J3576$2bnb
=016  7\$a018120041$2Uk
=020  \\$qpaperback
=035  \\$a(WlAbNL)99710943502419
=035  \\$a(StEdALDL)1/3502788
=035  \\$a(UkOxU)020695503
=040  \\$aStEdALDL$beng$cStEdALDL$dWlAbNL$erda
=042  \\$aukscp
=100  1\$aGerard, Francois$c(College teacher),$eauthor.
=245  10$aInformal labor and the efficiency cost of social programs :$bevidence from the Brazilian unemployment insurance program /$cFrancois Gerard and Gustavo Gonzaga.
=264  \1$aLondon :$bCentre for Economic Policy Research,$c2016.
=300  \\$a40, 129 pages :$billustrations (black and white) ;$c21 cm.
=336  \\$atext$btxt$2rdacontent
=336  \\$astill image$bsti$2rdacontent
=337  \\$aunmediated$bn$2rdamedia
=338  \\$avolume$bnc$2rdacarrier
=490  1\$aDiscussion paper series,$x0265-8003$aPublic economics ;$vno. DP11485
=500  \\$a"Submitted 01 September 2016".
=504  \\$aIncludes bibliographical references (pages 36-38, 128-129).
=520  \\$aIt is widely believed that the presence of a large informal sector increases the efficiency cost of social programs -- transfer and social insurance programs -- in developing countries. We evaluate such claims for policies that have been heavily studied in countries with low informality -- increases in unemployment insurance (UI) benefits. We introduce informal work opportunities into a canonical model of optimal UI that specifies the typical tradeoff between workers' need for insurance and the efficiency cost from distorting their incentives to return to a formal job. We then combine the model with evidence drawn from comprehensive administrative data to quantify the efficiency cost of increases in potential UI duration in Brazil. We find evidence of behavioral responses to UI incentives, including informality responses. However, because reemployment rates in the formal sector are low to begin with, most beneficiaries would draw the UI benefits absent behavioral responses, and only a fraction of the cost of (longer) UI benefits is due to perverse incentive effects. As a result, the efficiency cost is relatively low, and in fact lower than comparable estimates for the US. We reinforce this finding by showing that the efficiency cost is also lower in labor markets with higher informality within Brazil. This is because formal reemployment rates are even lower in those labor markets absent behavioral responses. In sum, the results go against the conventional wisdom, and indicate that efficiency concerns may even become more relevant as an economy formalizes.
=650  \0$aUnemployment insurance$zBrazil.
=650  \0$aInformal sector (Economics)$zBrazil.
=650  \0$aLabor supply$zBrazil.
=700  1\$aGonzaga, Gustavo,$eauthor.
=830  \0$aDiscussion paper (Centre for Economic Policy Research (Great Britain)) ;$vno. 11485.
=852  41$aBritish Library$bHMNTS$jYK.2018.a.2959
=856  40$uhttp://www.cepr.org/active/publications/discussion_papers/dp.php?dpno=11485
=985  \\$aAwaiting NetCat DDC
=985  \\$aLDLSCP record - no ISBN match on import to BLL01
=CAT  \\$aBATCH-LDLN$b00$c20161128$lBLL01$h2110
=CAT  \\$aBATCH-UPD$b00$c20161128$lBLL01$h2111
=CAT  \\$aBATCH-016$c20171018$lBLL01$h2152
=CAT  \\$a10999$b40$c20180606$lBLL01$h1327
=FMT  \\$a  BK
=LAS  \\$a10999$b40$c20180606$lBLL01$h1327

