=LDR  02406 am a2200481 i 4500
=001  018139712
=003  Uk
=005  20180612084931.0
=008  161121s2016\\\\enk\\\\\\b\\\\000\0\eng\c
=015  \\$aGBB6K2171$2bnb
=016  7\$a018139712$2Uk
=020  \\$qpaperback
=035  \\$a(WlAbNL)99724241402419
=035  \\$a(StEdALDL)1/3512914
=035  \\$a(UkOxU)020717182
=040  \\$aStEdALDL$beng$cStEdALDL$dWlAbNL$erda
=042  \\$aukscp
=100  1\$aBorn, Benjamin,$eauthor.
=245  14$aThe new Keynesian wage Phillips curve :$bCalvo vs. Rotemberg /$cBenjamin Born and Johannes Pfeifer.
=264  \1$aLondon :$bCentre for Economic Policy Research,$c2016
=300  \\$a33 pages ;$c21 cm.
=336  \\$atext$btxt$2rdacontent
=337  \\$aunmediated$bn$2rdamedia
=338  \\$avolume$bnc$2rdacarrier
=490  1\$aDiscussion paper series,$x0265-8003$aMonetary economics and fluctuations ;$vDP11568
=500  \\$a"Submitted 09 October 2016"
=504  \\$aIncludes bibliographical references (pages 15-17).
=520  \\$aWe systematically evaluate how to translate a Calvo wage duration into an implied Rotemberg wage adjustment cost parameter in medium-scale New Keynesian DSGE models by making use of the well-known equivalence of the two setups at first order. We consider a wide range of felicity functions and show that the assumed household insurance scheme and the presence of labor taxation greatly matter for this mapping, giving rise to differences of up to one order of magnitude. Our results account for the inclusion of wage indexing, habit formation in consumption, and the presence of fixed costs in production.
=650  \0$aWages$xEconometric models.
=650  \0$aPhillips curve.
=650  \0$aKeynesian economics.
=700  1\$aPfeifer, Johannes,$eauthor.
=830  \0$aDiscussion paper (Centre for Economic Policy Research (Great Britain)) ;$vno. 11568.
=852  41$aBritish Library$bHMNTS$jYK.2018.a.3181
=856  40$uhttp://www.cepr.org/active/publications/discussion_papers/dp.php?dpno=11568
=985  \\$aAwaiting NetCat DDC
=985  \\$aLDLSCP record - no ISBN match on import to BLL01
=CAT  \\$aBATCH-LDLN$b00$c20161212$lBLL01$h2112
=CAT  \\$aBATCH-UPD$b00$c20161212$lBLL01$h2112
=CAT  \\$aBATCH-016$c20161221$lBLL01$h2229
=CAT  \\$a10999$b40$c20180612$lBLL01$h0849
=FMT  \\$a  BK
=LAS  \\$a10999$b40$c20180612$lBLL01$h0849

