=LDR  02816 am a2200481 i 4500
=001  018139713
=003  Uk
=005  20180612083956.0
=008  161121s2016\\\\enka\\\\\\\\\\000\0\eng\c
=015  \\$aGBB6K2172$2bnb
=016  7\$a018139713$2Uk
=020  \\$qpaperback
=035  \\$a(WlAbNL)99724241602419
=035  \\$a(StEdALDL)1/3512900
=035  \\$a(UkOxU)020717172
=040  \\$aStEdALDL$beng$cStEdALDL$dWlAbNL$erda
=042  \\$aukscp
=100  1\$aMichaillat, Pascal,$eauthor.
=245  14$aThe optimal use of government purchases for macroeconomic stabilization /$cPascal Michaillat and Emmanuel Saez.
=264  \1$aLondon :$bCentre for Economic Policy Research,$c18 October 2016.
=300  \\$a55 pages :$billustrations (black and white) ;$c21 cm.
=336  \\$atext$btxt$2rdacontent
=336  \\$astill image$bsti$2rdacontent
=337  \\$aunmediated$bn$2rdamedia
=338  \\$avolume$bnc$2rdacarrier
=490  1\$aDiscussion paper series,$x0265-8003$aMonetary economics and fluctuations$aPublic economics ;$vDP11577
=500  \\$a"Submitted 18 October 2016"
=504  \\$aIncludes bibliographical references (pages 46-48, 55).
=520  \\$aThis paper explores how government purchases can improve stabilization. When unemployment is inefficiently high, optimal government purchases deviate from the Samuelson level to reduce the unemployment gap. Hence, stimulus spending is desirable in slumps whenever the unemployment multiplier is positive. Then, the optimal level of stimulus spending is increasing in the multiplier for small multipliers, largest for a moderate multiplier, and decreasing beyond that. Furthermore, the optimal level of stimulus spending is increasing in the elasticity of substitution between public and private consumption. In particular, optimal stimulus spending is zero when extra public services are useless, and it completely fills the unemployment gap when extra public services are as valuable as extra private services. The results hold whether taxes are nondistortionary or distortionary.
=650  \0$aGovernment purchasing$xEconometric models.
=650  \0$aEconomic stabilization$xEconometric models.
=700  1\$aSaez, Emmanuel,$eauthor.
=830  \0$aDiscussion paper (Centre for Economic Policy Research (Great Britain)) ;$vno. 11577.
=852  41$aBritish Library$bHMNTS$jYK.2018.a.3176
=856  40$uhttp://www.cepr.org/active/publications/discussion_papers/dp.php?dpno=11577
=985  \\$aAwaiting NetCat DDC
=985  \\$aLDLSCP record - no ISBN match on import to BLL01
=CAT  \\$aBATCH-LDLN$b00$c20161212$lBLL01$h2112
=CAT  \\$aBATCH-UPD$b00$c20161212$lBLL01$h2112
=CAT  \\$aBATCH-016$c20161221$lBLL01$h2229
=CAT  \\$a10999$b40$c20180612$lBLL01$h0839
=FMT  \\$a  BK
=LAS  \\$a10999$b40$c20180612$lBLL01$h0839

