=LDR  02734 am a2200517 i 4500
=001  018148235
=003  Uk
=005  20180606133642.0
=008  160915s2016\\\\enka\\\\\b\\\\000\0\eng\c
=015  \\$aGBB6K6255$2bnb
=016  7\$a018148235$2Uk
=020  \\$qpaperback
=035  \\$a(WlAbNL)99680601602419
=035  \\$a(StEdALDL)1/3488501
=035  \\$a(UkOxU)020669240
=040  \\$aStEdALDL$beng$cStEdALDL$dWlAbNL$erda
=042  \\$aukscp
=100  10$aMassa, Massimo,$eauthor.
=245  10$aWho is afraid of BlackRock? /$cMassimo Massa, David Schumacher and Yan Wang.
=264  \1$aLondon :$bCentre for Economic Policy Research,$c29 August 2016.
=300  \\$a73 pages :$billustrations (black and white) ;$c21 cm.
=336  \\$atext$btxt$2rdacontent
=336  \\$astill image$bsti$2rdacontent
=337  \\$aunmediated$bn$2rdamedia
=338  \\$avolume$bnc$2rdacarrier
=490  1\$aDiscussion paper (Centre for Economic Policy Research (Great Britain)),$x0265-8003$aFinancial economics ;$vno. 11471
=500  \\$a"Submitted 29 August 2016".
=504  \\$aIncludes bibliographical references (pages 44-45).
=520  \\$aWe use the merger of BlackRock with Barclays Global Investors to study how changes in ownership concentration affect the investment behavior of financial institutions and the cross-section of stocks worldwide. We find that other institutions begin avoiding stocks that experience a merger-related increase in ownership concentration. As a result, affected stocks experience a permanent and negative price, liquidity and volatility impact. We confirm these effects in a large sample of asset management mergers over a ten year period. The interpretation that institutions strategically avoid stocks with an elevated risk of future fragility enjoys the strongest support in the data.
=650  \0$aPortfolio management.
=650  \0$aArbitrage.
=650  \0$aConsolidation and merger of corporations.
=700  1\$aSchumacher, David$c(Economist),$eauthor.
=700  1\$aWang, Yan,$d1983-$eauthor.
=710  2\$aCentre for Economic Policy Research (Great Britain),$eissuing body.
=830  \0$aDiscussion paper (Centre for Economic Policy Research (Great Britain)) ;$vno. 11471.
=852  41$aBritish Library$bHMNTS$jYK.2018.a.2966
=856  40$uhttp://www.cepr.org/active/publications/discussion_papers/dp.php?dpno=11471
=985  \\$aAwaiting NetCat DDC
=985  \\$aLDLSCP record - no ISBN match on import to BLL01
=CAT  \\$aBATCH-LDLN$b00$c20161219$lBLL01$h2123
=CAT  \\$aBATCH-UPD$b00$c20161219$lBLL01$h2123
=CAT  \\$aBATCH-016$c20171018$lBLL01$h2152
=CAT  \\$a10999$b40$c20180606$lBLL01$h1336
=FMT  \\$a  BK
=LAS  \\$a10999$b40$c20180606$lBLL01$h1336

