=LDR  03348 am a2200481 i 4500
=001  018148249
=003  Uk
=005  20180606142121.0
=008  161024s2016\\\\enk\\\\\\b\\\\000\0\eng\c
=015  \\$aGBB6K6269$2bnb
=016  7\$a018148249$2Uk
=020  \\$qpaperback
=035  \\$a(WlAbNL)99710943802419
=035  \\$a(StEdALDL)1/3502833
=035  \\$a(UkOxU)020695547
=040  \\$aStEdALDL$beng$cStEdALDL$dWlAbNL$erda
=042  \\$aukscp
=100  10$aBoot, Arnoud W. A.$q(Willem Alexander),$d1960-$eauthor.
=245  10$aNon-precautionary cash hoarding and the evolution of growth firms /$cArnoud W. A. Boot and Vladimir Vladimirov.
=264  \1$aLondon :$bCentre for Economic Policy Research,$c2016.
=300  \\$a48 pages ;$c21 cm.
=336  \\$atext$btxt$2rdacontent
=337  \\$aunmediated$bn$2rdamedia
=338  \\$avolume$bnc$2rdacarrier
=490  1\$aDiscussion paper series,$x0265-8003$aFinancial economics ;$vDP11510
=500  \\$a"Submitted 17 September 2016".
=504  \\$aIncludes bibliographical references (pages 26-30).
=520  \\$aThe starting point of our paper is the question: Should a growth firm hoard cash to reduce dilution associated with external financing (by self-financing more) if this means delaying its existing investment opportunity? The analysis of such non-precautionary hoarding gives a stark contrast to the better-known precautionary motive that focuses on hoarding cash in anticipation of the arrival of potential investment opportunities. The latter particularly applies to large and mature firms. Our perspective is that of a growth firm with investment opportunities already present but without the necessary cash to undertake these opportunities; arguably one of the most important settings in corporate finance. While from a precautionary perspective, firms expecting the arrival of better opportunities hoard more, we have the opposite prediction for growth firms for which investment opportunities are already present. Such non-precautionary hoarding features a self-reinforcing effect: firms with better investment opportunities hoard less, yet grow successful and cash-rich more quickly. We show that hoarding affects the choice between public and private financing, and is sensitive to product market competition. Our contrasting insights to those from precautionary theories can help explain puzzling empirical evidence, such as why private firms hoard less than public firms, and why competition drives some firms to prefer hoarding and public financing, while others to prefer the opposite.
=650  \0$aCorporations$xFinance.
=650  \0$aCorporations$xCash position.
=650  \0$aCash management.
=700  1\$aVladimirov, Vladimir$c(Economist),$eauthor.
=830  \0$aDiscussion paper (Centre for Economic Policy Research (Great Britain)) ;$vno. 11510.
=852  41$aBritish Library$bHMNTS$jYK.2018.a.3000
=856  40$uhttp://www.cepr.org/active/publications/discussion_papers/dp.php?dpno=11510
=985  \\$aAwaiting NetCat DDC
=985  \\$aLDLSCP record - no ISBN match on import to BLL01
=CAT  \\$aBATCH-LDLN$b00$c20161219$lBLL01$h2123
=CAT  \\$aBATCH-UPD$b00$c20161219$lBLL01$h2124
=CAT  \\$aBATCH-016$c20171018$lBLL01$h2152
=CAT  \\$a10999$b40$c20180606$lBLL01$h1421
=FMT  \\$a  BK
=LAS  \\$a10999$b40$c20180606$lBLL01$h1421

