=LDR  03321 am a2200505 i 4500
=001  018148261
=003  Uk
=005  20180612090056.0
=008  161121s2016\\\\enka\\\\\b\\\\000\0\eng\c
=015  \\$aGBB6K6281$2bnb
=016  7\$a018148261$2Uk
=020  \\$qpaperback
=035  \\$a(WlAbNL)99724241302419
=035  \\$a(StEdALDL)1/3512939
=035  \\$a(UkOxU)020717193
=040  \\$aStEdALDL$beng$cStEdALDL$dWlAbNL$erda
=042  \\$aukscp
=100  1\$aLindquist, Matthew,$d1965-$eauthor.
=245  10$aOn the origins of entrepreneurship :$bevidence from sibling correlations /$cMatthew Lindquist [and three others].
=264  \1$aLondon :$bCentre for Economic Policy Research,$c2016.
=300  \\$a53 pages :$billustrations (black and white) ;$c21 cm.
=336  \\$atext$btxt$2rdacontent
=336  \\$astill image$bsti$2rdacontent
=337  \\$aunmediated$bn$2rdamedia
=338  \\$avolume$bnc$2rdacarrier
=490  1\$aDiscussion paper series,$x0265-8003$aIndustrial organization$aLabour economics ;$vDP11562
=500  \\$a"Submitted 06 October 2016".
=504  \\$aIncludes bibliographical references (pages 26-30).
=520  \\$aPromoting entrepreneurship has become an increasingly important part of the policy agenda in many countries. The success of such policies, however, rests in part on the assumption that entrepreneurship outcomes are not fully determined at a young age by factors that are unrelated to current policy. We test this assumption and assess the importance of family background and neighborhood effects as determinants of entrepreneurship, by estimating sibling correlations in entrepreneurship. We find that between 20 and 50 percent of the variance in different entrepreneurial outcomes is explained by factors that siblings share (i.e., family background and neighborhood effects). The average is 28 percent. Hence, entrepreneurship is far less than fully determined at a young age. Our estimates increase only a little when allowing for differential treatment within families by gender and birth order. We then investigate a comprehensive set of mechanisms that explain sibling similarities. Parental entrepreneurship plays a large role in explaining sibling similarities, as do shared genes. We show that neighborhood effects matter, but are rather small, particularly when compared with the overall importance of family factors. Sibling peer effects, and parental income and education matter even less.
=650  \0$aEntrepreneurship$xPsychological aspects.
=650  \0$aEntrepreneurship$xSocial aspects.
=650  \0$aEntrepreneurship$xEconomic aspects.
=650  \0$aBrothers and sisters$xEconomic conditions.
=650  \0$aFamilies$xEconomic aspects.
=830  \0$aDiscussion paper (Centre for Economic Policy Research (Great Britain)) ;$vno. 11562.
=852  41$aBritish Library$bHMNTS$jYK.2018.a.3189
=856  40$uhttp://www.cepr.org/active/publications/discussion_papers/dp.php?dpno=11562
=985  \\$aAwaiting NetCat DDC
=985  \\$aLDLSCP record - no ISBN match on import to BLL01
=CAT  \\$aBATCH-LDLN$b00$c20161219$lBLL01$h2123
=CAT  \\$aBATCH-UPD$b00$c20161219$lBLL01$h2124
=CAT  \\$aBATCH-016$c20161221$lBLL01$h2229
=CAT  \\$a10999$b40$c20180612$lBLL01$h0900
=FMT  \\$a  BK
=LAS  \\$a10999$b40$c20180612$lBLL01$h0900

