=LDR  03520 am a2200505 i 4500
=001  018148262
=003  Uk
=005  20180607153829.0
=008  161121s2016\\\\enka\\\\\b\\\\000\0\eng\c
=015  \\$aGBB6K6282$2bnb
=016  7\$a018148262$2Uk
=020  \\$qpaperback
=035  \\$a(WlAbNL)99724242302419
=035  \\$a(StEdALDL)1/3512953
=035  \\$a(UkOxU)020717199
=040  \\$aStEdALDL$beng$cStEdALDL$dWlAbNL$erda
=042  \\$aukscp
=100  1\$aBlattman, Christopher,$eauthor.
=245  10$aOccupational choice in early industrializing societies :$bexperimental evidence on the income and health effects of industrial and entrepreneurial work /$cChristopher Blattman and Stefan Dercon.
=264  \1$aLondon :$bCentre for Economic Policy Research,$c2016.
=300  \\$a50, xxxvii pages :$billustrations (black and white) ;$c22 cm.
=336  \\$atext$btxt$2rdacontent
=336  \\$astill image$bsti$2rdacontent
=337  \\$aunmediated$bn$2rdamedia
=338  \\$avolume$bnc$2rdacarrier
=490  1\$aDiscussion paper series,$x0265-8003$aDevelopment economics ;$vDP11556
=500  \\$a"Submitted 03 October 2016".
=504  \\$aIncludes bibliographical references (pages 46-50).
=520  \\$aAs low-income countries industrialize, workers choose between informal self-employment and low-skill manufacturing. What do workers trade off, and what are the long run impacts of this occupational choice? Self-employment is thought to be volatile and risky, but to provide autonomy and flexibility. Industrial firms are criticized for poor wages and working conditions, but they could offer steady hours among other advantages. We worked with five Ethiopian industrial firms to randomize entry-level applicants to one of three treatment arms: an industrial job offer; a control group; or an "entrepreneurship" program of {dollar}300 plus business training. We followed the sample over a year. Industrial jobs offered more hours than the control group's informal opportunities, but had little impact on incomes due to lower wages. Most applicants quit the sector quickly, finding industrial jobs unpleasant and risky. Indeed, serious health problems rose one percentage point for every month of industrial work. Applicants seem to understand the risks, but took the industrial work temporarily while searching for better work. Meanwhile, the entrepreneurship program stimulated self-employment, raised earnings by 33%, provided steady work hours, and halved the likelihood of taking an industrial job in future. Overall, when the barriers to self-employment were relieved, applicants appear to have preferred entrepreneurial to industrial labor.
=650  \0$aIndustrialization$zDeveloping countries.
=650  \0$aIndustrialization$xHealth aspects.
=650  \0$aLabor supply$zDeveloping countries.
=650  \0$aEconomic development$zDeveloping countries.
=700  1\$aDercon, Stefan,$eauthor.
=830  \0$aDiscussion paper (Centre for Economic Policy Research (Great Britain)) ;$vno. 11556.
=852  41$aBritish Library$bHMNTS$jYK.2018.a.3047
=856  40$uhttp://www.cepr.org/active/publications/discussion_papers/dp.php?dpno=11556
=985  \\$aAwaiting NetCat DDC
=985  \\$aLDLSCP record - no ISBN match on import to BLL01
=CAT  \\$aBATCH-LDLN$b00$c20161219$lBLL01$h2123
=CAT  \\$aBATCH-UPD$b00$c20161219$lBLL01$h2124
=CAT  \\$aBATCH-016$c20161221$lBLL01$h2229
=CAT  \\$a5004$b40$c20180607$lBLL01$h1538
=FMT  \\$a  BK
=LAS  \\$a5004$b40$c20180607$lBLL01$h1538

