=LDR  02782 am a2200469 i 4500
=001  018148263
=003  Uk
=005  20180611105416.0
=008  161121s2016\\\\enk\\\\\\b\\\\000\0\eng\c
=015  \\$aGBB6K6283$2bnb
=016  7\$a018148263$2Uk
=020  \\$qpaperback
=035  \\$a(WlAbNL)99724242702419
=035  \\$a(StEdALDL)1/3512880
=035  \\$a(UkOxU)020717162
=040  \\$aStEdALDL$beng$cStEdALDL$dWlAbNL$erda
=042  \\$aukscp
=100  1\$aSela, Aner,$eauthor.
=245  14$aThe optimal allocation of punishments in Tullock contests /$cAner Sela.
=264  \1$aLondon :$bCentre for Economic Policy Research,$c2016.
=300  \\$a20 pages ;$c21 cm.
=336  \\$atext$btxt$2rdacontent
=337  \\$aunmediated$bn$2rdamedia
=338  \\$avolume$bnc$2rdacarrier
=490  1\$aDiscussion paper series,$x0265-8003$aIndustrial organization ;$vDP11592
=500  \\$a"Submitted 31 October 2016".
=504  \\$aIncludes bibliographical references (pages 18-20).
=520  \\$aWe study the role of punishments in Tullock contests with symmetric players. We first characterize the players' equilibrium strategies in a contest with either multiple identical prizes or multiple identical punishments (negative prizes). Given that a prize and a punishment have the same absolute value, we show that if the number of prizes is equal to the number of punishments and is lower (higher) than or equal to half the number of players, a designer who wishes to maximize the players' efforts will prefer to allocate punishments (prizes) over prizes (punishments). We also demonstrate that if the sum of the punishments is constrained, then in a contest without an exit option for the players, it is optimal for the designer who maximizes the players' efforts to allocate a single punishment that is equal to the punishment sum. However, in a contest with an exit option the optimal number of punishments depends on the value of the punishment sum and, in particular, the optimal number of punishments does not monotonically increase in the value of the punishment sum.
=650  \0$aPerformance awards.
=650  \0$aContests.
=650  \0$aIncentive (Psychology)
=830  \0$aDiscussion paper (Centre for Economic Policy Research (Great Britain)) ;$vno. 11592.
=852  41$aBritish Library$bHMNTS$jYK.2018.a.3155
=856  40$uhttp://www.cepr.org/active/publications/discussion_papers/dp.php?dpno=11592
=985  \\$aAwaiting NetCat DDC
=985  \\$aLDLSCP record - no ISBN match on import to BLL01
=CAT  \\$aBATCH-LDLN$b00$c20161219$lBLL01$h2123
=CAT  \\$aBATCH-UPD$b00$c20161219$lBLL01$h2124
=CAT  \\$aBATCH-016$c20161221$lBLL01$h2229
=CAT  \\$a11056$b40$c20180611$lBLL01$h1054
=FMT  \\$a  BK
=LAS  \\$a11056$b40$c20180611$lBLL01$h1054

