=LDR  02769 am a2200517 i 4500
=001  018168353
=003  Uk
=005  20180612085853.0
=008  161121s2016\\\\enka\\\\\b\\\\000\0\eng\c
=015  \\$aGBB702685$2bnb
=016  7\$a018168353$2Uk
=020  \\$qpaperback
=035  \\$a(WlAbNL)99724242002419
=035  \\$a(StEdALDL)1/3512929
=035  \\$a(UkOxU)020717187
=040  \\$aStEdALDL$beng$cStEdALDL$dWlAbNL$erda
=042  \\$aukscp
=100  1\$aTrebesch, Christoph,$eauthor.
=245  14$aThe output costs of hard and soft sovereign default /$cChristopher Trebesch and Michael Zabel.
=264  \1$aLondon :$bCentre for Economic Policy Research,$c2016.
=300  \\$a46 pages :$billustrations (black and white) ;$c21 cm.
=336  \\$atext$btxt$2rdacontent
=336  \\$astill image$bsti$2rdacontent
=337  \\$aunmediated$bn$2rdamedia
=338  \\$avolume$bnc$2rdacarrier
=490  1\$aDiscussion paper series,$x0265-8003$aInternational macroeconomics and finance ;$vDP11582
=500  \\$a"Submitted 19 October 2016".
=504  \\$aIncludes bibliographical references (pages 32-38).
=520  \\$aHow costly are sovereign debt crises? In this paper we study output losses during sovereign default and debt renegotiation episodes since 1980. In contrast to previous work, we account for the severity of default and not only for its occurrence. Specifically, we distinguish between "hard" and "soft" defaults, using new data on debtor payment and negotiation behavior and on the size of haircuts towards private external creditors. We show that hard defaults are associated with a much steeper drop in GDP, of up to ten percent, compared to soft defaults, and address concerns of reverse causality and omitted variable bias. The results question the standard assumption that defaults trigger fixed and lump-sum costs. Instead, the findings are consistent with models assuming proportional output costs of default.
=650  \0$aDebts, Public.
=650  \0$aDebt relief.
=650  \0$aEconomic development.
=650  \0$aDefault (Finance)
=650  \0$aInternational economic relations.
=700  1\$aZabel, Michael,$eauthor.
=830  \0$aDiscussion paper (Centre for Economic Policy Research (Great Britain)) ;$vno. 11582.
=852  41$aBritish Library$bHMNTS$jYK.2018.a.3188
=856  40$uhttp://www.cepr.org/active/publications/discussion_papers/dp.php?dpno=11582
=985  \\$aAwaiting NetCat DDC
=985  \\$aLDLSCP record - no ISBN match on import to BLL01
=CAT  \\$aBATCH-LDLN$b00$c20170109$lBLL01$h2105
=CAT  \\$aBATCH-UPD$b00$c20170109$lBLL01$h2105
=CAT  \\$aBATCH-016$c20171122$lBLL01$h2204
=CAT  \\$a10999$b40$c20180612$lBLL01$h0858
=FMT  \\$a  BK
=LAS  \\$a10999$b40$c20180612$lBLL01$h0858

