=LDR  03395aam a2200577 i 4500
=001  018180035
=003  Uk
=005  20200807224653.0
=008  160915s2016\\\\enkb\\\\\b\\\\000\0\eng\c
=015  \\$aGBB706960$2bnb
=016  7\$a018180035$2Uk
=020  \\$qpaperback
=035  \\$a(WlAbNL)99685633602419
=035  \\$a(StEdALDL)1/3488506
=035  \\$a(UkOxU)020669244
=040  \\$aStEdALDL$beng$cStEdALDL$dUkOxU$dWlAbNL$dUk$erda
=042  \\$aukscp
=082  04$a306.1$223
=100  1\$aLi, Zhe$c(Author of The impact of sin culture),$eauthor.
=245  14$aThe impact of sin culture :$bevidence from earning management and alcohol consumption in China /$cZhe Li, Massimo Massa, Niahang Xu and Hong Zhang.
=264  \1$aLondon :$bCentre for Economic Policy Research,$c29 August 2016.
=300  \\$a63 pages :$b1 map (black and white) ;$c21 cm.
=336  \\$atext$btxt$2rdacontent
=336  \\$acartographic image$bcri$2rdacontent
=337  \\$aunmediated$bn$2rdamedia
=338  \\$avolume$bnc$2rdacarrier
=490  1\$aDiscussion paper (Centre for Economic Policy Research (Great Britain)),$x0265-8003$aFinancial economics ;$vno. 11475
=500  \\$a"Submitted 29 August 2016".
=504  \\$aIncludes bibliographical references (pages 34-37).
=520  \\$aWe study whether culture plays an important role in affecting firm incentives when formal institutions fall short. We link earnings management to alcohol-related sin culture in China, and we find that firms in regions in which alcohol plays a more prominent role show more earnings management. Tests using the regional gender ratio and snow/temperature as instruments suggest a causal interpretation. Moreover, a high level of alcohol consumption in CEOs' home region significantly enhances earnings management, suggesting that corporate leaders can transmit and propagate sin culture in society. We also find that firms more exposed to alcohol rely more on local business partners for their operations. Furthermore, culture can generate a negative externality by further reducing the likelihood of fraud detection; however, significant improvements in formal institutions (e.g., the 2012 anticorruption regulation) can suppress this impact. Our results shed new light on the impact of culture on the real economy.
=650  \0$aCulture$xEconomic aspects$zChina.
=650  \0$aAlcoholic beverages$xSocial aspects$zChina.
=650  \0$aBusiness ethics$zChina.
=690  7\$aSocial Welfare$2blcoll
=700  1\$aMassa, Massimo,$eauthor.
=700  1\$aXu, Niahang,$eauthor.
=700  1\$aZhang, Hong$c(Economist),$eauthor.
=710  2\$aCentre for Economic Policy Research (Great Britain),$eissuing body.
=830  \0$aDiscussion paper (Centre for Economic Policy Research (Great Britain)) ;$vno. 11475.
=852  41$aBritish Library$bHMNTS$jYK.2018.a.2997
=856  40$uhttp://www.cepr.org/active/publications/discussion_papers/dp.php?dpno=11475
=985  \\$aLDLSCP record - no ISBN match on import to BLL01
=CAT  \\$aBATCH-LDLN$b00$c20170116$lBLL01$h2102
=CAT  \\$aBATCH-UPD$b00$c20170116$lBLL01$h2103
=CAT  \\$aBATCH-016$c20171018$lBLL01$h2152
=CAT  \\$a10999$b40$c20180606$lBLL01$h1417
=CAT  \\$a6989$b40$c20200804$lBLL01$h1658
=CAT  \\$aBATCH-SWP$c20200807$lBLL01$h2246
=FIN  \\$aY$d20200804
=FMT  \\$a  BK
=LAS  \\$aBATCH-SWP$b00$c20200807$lBLL01$h2246

