=LDR  03749aam a2200541 i 4500
=001  018187895
=003  Uk
=005  20200810161620.0
=008  161219s2016\\\\enka\\\\\b\\\\000\0\eng\c
=015  \\$aGBB710181$2bnb
=016  7\$a018187895$2Uk
=020  \\$qpaperback
=035  \\$a(WlAbNL)99729738102419
=035  \\$a(StEdALDL)1/3523744
=035  \\$a(UkOxU)020746650
=040  \\$aStEdALDL$beng$cStEdALDL$dWlAbNL$dUk$erda
=042  \\$aukscp
=082  04$a614.44083209481$223
=100  1\$aBütikofer, Aline,$d1981-$eauthor.
=245  10$aInfant health care and long-term outcomes /$cAline Butikofer, Katrine Løken and Kjell G. Salvanes.
=264  \1$aLondon :$bCentre for Economic Policy Research,$c2016.
=300  \\$a45 pages :$billustrations (black and white) ;$c21 cm.
=336  \\$atext$btxt$2rdacontent
=336  \\$astill image$bsti$2rdacontent
=337  \\$aunmediated$bn$2rdamedia
=338  \\$avolume$bnc$2rdacarrier
=490  1\$aDiscussion paper series,$x0265-8003$aLabour economics ;$vDP11652
=500  \\$a"Submitted 22 November 2016".
=504  \\$aIncludes bibliographical references (pages 26-29).
=520  \\$aA growing literature documents the positive long-term effects of policy-induced improvements in early-life health and nutrition. However, there is still scarce evidence on early-life health programs targeting a large share of the population and the role of such programs in increasing intergenerational mobility. This paper uses the rollout of mother and child health care centers in Norway, which commenced in the 1930s, to study the long-term consequences of increasing access to well-child visits. These well-child visits included a physical examination and the provision of information about adequate infant nutrition. Our first results show that access to mother and child health care centers in the first year of life increased the completed years of schooling by 0.15 years and earnings by two percent. Our second set of results reveals that these effects were stronger for children from a low socioeconomic background and contribute to a 10 percent reduction in the persistence of educational attainment across generations. Our third set of findings suggest that better nutrition within the first year of life is the main mechanism. In particular, we find positive effects on adult height and that individuals suffer from fewer health risks at age 40. In addition, we show that access to well-child visits decreased infant mortality from diarrhea whereas infant mortality from pneumonia, tuberculosis, or congenital malformations are not affected. Finally, we investigate the costs of the program and show that investments in mother and child health care centers pass a simple cost-benefit analysis.
=650  \0$aInfants$xHealth and hygiene$xEconomic aspects$zNorway.
=650  \0$aInfants$xMortality$xEconomic aspects$zNorway.
=650  \0$aChild development$xEconomic aspects$zNorway.
=650  \0$aAcademic achievement$xHealth aspects$zNorway.
=700  1\$aLøken, Katrine,$eauthor.
=700  1\$aSalvanes, Kjell G.,$eauthor.
=830  \0$aDiscussion paper (Centre for Economic Policy Research (Great Britain)) ;$vno. 11652.
=852  41$aBritish Library$bHMNTS$jYK.2018.a.3664
=856  40$uhttp://www.cepr.org/active/publications/discussion_papers/dp.php?dpno=11652
=985  \\$aLDLSCP record - no ISBN match on import to BLL01
=CAT  \\$aBATCH-LDLN$b00$c20170123$lBLL01$h2118
=CAT  \\$aBATCH-UPD$b00$c20170123$lBLL01$h2118
=CAT  \\$aBATCH-016$c20170125$lBLL01$h2146
=CAT  \\$a10999$b40$c20180703$lBLL01$h1330
=CAT  \\$a6989$b40$c20200810$lBLL01$h1616
=FIN  \\$aY$d20200810
=FMT  \\$a  BK
=LAS  \\$a6989$b40$c20200810$lBLL01$h1616

