=LDR  02856cam a2200553 i 4500
=001  018187896
=003  Uk
=005  20200814211316.0
=008  161219s2016\\\\enka\\\\\b\\\\000\0\eng\c
=015  \\$aGBB710182$2bnb
=016  7\$a018187896$2Uk
=020  \\$qpaperback
=035  \\$a(WlAbNL)99729738402419
=035  \\$a(StEdALDL)1/3523672
=035  \\$a(UkOxU)020746586
=040  \\$aStEdALDL$beng$cStEdALDL$dWlAbNL$dUk$erda
=042  \\$aukscp
=082  04$a338.900287$223
=100  1\$aLicandro, Omar,$eauthor.
=245  10$aIs the output growth rate in NIPA a welfare measure? /$cOmar Licandro.
=264  \1$aLondon :$bCentre for Economic Policy Research,$c2016.
=300  \\$a35 pages :$billustrations (black and white) ;$c21 cm.
=336  \\$atext$btxt$2rdacontent
=336  \\$astill image$bsti$2rdacontent
=337  \\$aunmediated$bn$2rdamedia
=338  \\$avolume$bnc$2rdacarrier
=490  1\$aDiscussion paper series,$x0265-8003$aMacroeconomics and growth ;$vDP11594
=500  \\$a"Submitted 01 November 2016".
=504  \\$aIncludes bibliographical references (pages 32-35).
=520  \\$aNational Income and Product Accounts (NIPA) measure real output growth by means of a Fisher ideal chain index. Bridging modern macroeconomics and the economic theory of index numbers, this paper shows that output growth as measured by NIPA is welfare based. In a dynamic general equilibrium model with general recursive preferences and technology, welfare depends on present and future consumption. Indeed, the associated Bellman equation provides a representation of preferences in the domain of current consumption and current investment. Applying standard index number theory to this representation of preferences shows that the Fisher-Shell true quantity index is equal to the Divisia index, in turn well approximated by the Fisher ideal index used in NIPA.
=650  \0$aEconomic development$xMeasurement.
=650  \0$aChain indexing.
=650  \0$aNational income$xAccounting.
=650  \0$aIndustrial productivity.
=690  7\$aManagement and Business Studies$2blcoll
=830  \0$aDiscussion paper (Centre for Economic Policy Research (Great Britain)) ;$vno. 11594.
=852  41$aBritish Library$bHMNTS$jYK.2018.a.3703
=856  40$uhttp://www.cepr.org/active/publications/discussion_papers/dp.php?dpno=11594
=985  \\$aLDLSCP record - no ISBN match on import to BLL01
=CAT  \\$aBATCH-LDLN$b00$c20170123$lBLL01$h2118
=CAT  \\$aBATCH-UPD$b00$c20170123$lBLL01$h2118
=CAT  \\$aBATCH-016$c20170125$lBLL01$h2146
=CAT  \\$a10999$b40$c20180704$lBLL01$h0758
=CAT  \\$a6989$b40$c20200810$lBLL01$h1637
=CAT  \\$aBATCH-MBS$c20200814$lBLL01$h2113
=CAT  \\$aBATCH-UPD$b00$c20230315$lBLL01$h1111
=FIN  \\$aY$d20200810
=FMT  \\$a  BK
=LAS  \\$aBATCH-UPD$b00$c20230315$lBLL01$h1111

