=LDR  03141aam a2200529 i 4500
=001  018187897
=003  Uk
=005  20200814221126.0
=008  161219s2016\\\\enka\\\\\b\\\\000\0\eng\c
=015  \\$aGBB710183$2bnb
=016  7\$a018187897$2Uk
=020  \\$qpaperback
=035  \\$a(WlAbNL)99729738902419
=035  \\$a(StEdALDL)1/3523683
=035  \\$a(UkOxU)020746596
=040  \\$aStEdALDL$beng$cStEdALDL$dWlAbNL$dUk$erda
=042  \\$aukscp
=082  04$a364.30869120945$223
=100  1\$aFasani, Francesco,$eauthor.
=245  10$aImmigrant crime and legal status :$bevidence from repeated amnesty programs /$cFrancesco Fasni.
=264  \1$aLondon :$bCentre for Economic Policy Research,$c2016.
=300  \\$a50 pages :$billustrations (black and white) ;$c21 cm.
=336  \\$atext$btxt$2rdacontent
=336  \\$astill image$bsti$2rdacontent
=337  \\$aunmediated$bn$2rdamedia
=338  \\$avolume$bnc$2rdacarrier
=490  1\$aDiscussion paper series,$x0265-8003$aLabour economics ;$vDP11603
=500  \\$a"Submitted 04 November 2016".
=504  \\$aIncludes bibliographical references (pages 34-37).
=520  \\$aDo general amnesty programs lead to reductions in the crime rate among immigrants? We answer this question by exploiting both cross-sectional and time variation in the number of immigrants legalized generated by the enactment of repeated amnesty programs between 1990 and 2005 in Italy. We address the potential endogeneity of the "legalization treatment'' by instrumenting the actual number of legalized immigrants with alternative predicted measures based on past amnesty applications patterns and residential choices of documented and undocumented immigrants. We find that, in the year following an amnesty, regions in which a higher share of immigrants obtained legal status experienced a greater decline in non-EU immigrant crime rates, relative to other regions. The effect is statistically significant but relatively small and not persistent. In further results, we fail to find any evidence of substitution in the criminal market from other population groups -- namely, EU immigrants and Italian citizens -- and we observe a small and not persistent reduction in total offenses.
=650  \0$aImmigrants$zItaly$xSocial conditions.
=650  \0$aCrime$zItaly$xSociological aspects.
=651  \0$aItaly$xEmigration and immigration$xEconomic aspects.
=690  7\$aSocial Welfare$2blcoll
=830  \0$aDiscussion paper (Centre for Economic Policy Research (Great Britain)) ;$vno. 11603.
=852  41$aBritish Library$bHMNTS$jYK.2018.a.3714
=856  40$uhttp://www.cepr.org/active/publications/discussion_papers/dp.php?dpno=11603
=985  \\$aLDLSCP record - no ISBN match on import to BLL01
=CAT  \\$aBATCH-LDLN$b00$c20170123$lBLL01$h2118
=CAT  \\$aBATCH-UPD$b00$c20170123$lBLL01$h2118
=CAT  \\$aBATCH-016$c20170125$lBLL01$h2146
=CAT  \\$a10999$b40$c20180704$lBLL01$h0819
=CAT  \\$a6989$b40$c20200810$lBLL01$h1647
=CAT  \\$aBATCH-SWP$c20200814$lBLL01$h2211
=FIN  \\$aY$d20200810
=FMT  \\$a  BK
=LAS  \\$aBATCH-SWP$b00$c20200814$lBLL01$h2211

