=LDR  03476aam a2200565 i 4500
=001  018187898
=003  Uk
=005  20200814211316.0
=008  161219s2016\\\\enka\\\\\b\\\\000\0\eng\c
=015  \\$aGBB710184$2bnb
=016  7\$a018187898$2Uk
=020  \\$qpaperback
=035  \\$a(WlAbNL)99729739602419
=035  \\$a(StEdALDL)1/3523727
=035  \\$a(UkOxU)020746634
=040  \\$aStEdALDL$beng$cStEdALDL$dWlAbNL$dUk$erda
=042  \\$aukscp
=082  04$a338.9$223
=100  1\$aGarcia-Santana, Manuel,$eauthor.
=245  10$aInvestment demand and structural change /$cManuel García-Santana, Josep Pijoan-Mas and Lucciano Villacorta.
=264  \1$aLondon :$bCentre for Economic Policy Research,$c2016.
=300  \\$a60 pages :$billustrations (black and white) ;$c21 cm.
=336  \\$atext$btxt$2rdacontent
=336  \\$astill image$bsti$2rdacontent
=337  \\$aunmediated$bn$2rdamedia
=338  \\$avolume$bnc$2rdacarrier
=490  1\$aDiscussion paper series,$x0265-8003$aInternational macroeconomics and finance$aMacroeconomics and growth ;$vDP11636
=500  \\$a"Submitted 14 November 2016".
=504  \\$aIncludes bibliographical references (pages 58-60).
=520  \\$aThe sectoral composition of growing economies is largely affected by the evolution of the investment rate outside the balanced growth path. We present three novel facts consistent with this idea: (a) the value added share of manufacturing within investment goods is larger than within consumption goods, (b) the standard hump-shaped profile of manufacturing with development is much more apparent for the whole economy than for the investment and consumption goods separately, and (c) the investment rate displays a hump with development similar to the one of the value added share of manufacturing. Using a standard multi-sector growth model estimated with a large panel of countries, we find that this mechanism is especially important for the industrialization of several countries since the 1950's and for the deindustrialization of many Western economies since the 1970's. In addition, it explains a substantial part of the standard hump-shaped relationship between manufacturing and development, which has been a challenge for theories of structural transformation under balanced growth. Finally, the different composition of investment and consumption goods can also explain up to half of the decline in the relative price of investment since 1980.
=650  \0$aEconomic development.
=650  \0$aIndustrialization$xEconomic aspects.
=650  \0$aConsumption (Economics)
=650  \0$aManufacturing industries.
=690  7\$aManagement and Business Studies$2blcoll
=700  1\$aPijoan-Mas, Josep,$eauthor.
=700  1\$aVillacorta, Lucciano,$eauthor.
=830  \0$aDiscussion paper (Centre for Economic Policy Research (Great Britain)) ;$vno. 11636.
=852  41$aBritish Library$bHMNTS$jYK.2018.a.3650
=856  40$uhttp://www.cepr.org/active/publications/discussion_papers/dp.php?dpno=11636
=985  \\$aLDLSCP record - no ISBN match on import to BLL01
=CAT  \\$aBATCH-LDLN$b00$c20170123$lBLL01$h2118
=CAT  \\$aBATCH-UPD$b00$c20170123$lBLL01$h2118
=CAT  \\$aBATCH-016$c20170125$lBLL01$h2146
=CAT  \\$a10999$b40$c20180703$lBLL01$h1148
=CAT  \\$a6989$b40$c20200810$lBLL01$h1704
=CAT  \\$aBATCH-MBS$c20200814$lBLL01$h2113
=FIN  \\$aY$d20200810
=FMT  \\$a  BK
=LAS  \\$aBATCH-MBS$b00$c20200814$lBLL01$h2113

