=LDR  02982aam a2200541 i 4500
=001  018187899
=003  Uk
=005  20200810174415.0
=008  161219s2016\\\\enka\\\\\b\\\\000\0\eng\c
=015  \\$aGBB710185$2bnb
=016  7\$a018187899$2Uk
=020  \\$qpaperback
=035  \\$a(WlAbNL)99729740202419
=035  \\$a(StEdALDL)1/3523705
=035  \\$a(UkOxU)020746615
=040  \\$aStEdALDL$beng$cStEdALDL$dWlAbNL$dUk$erda
=042  \\$aukscp
=082  04$a324.94309034$223
=100  1\$aCinnirella, Francesco,$eauthor.
=245  10$aNation building :$bthe role of central spending in education /$cFrancesco Cinnirella and Ruth M. Schueler.
=264  \1$aLondon :$bCentre for Economic Policy Research,$c2016.
=300  \\$a44 pages :$billustrations (black and white) ;$c21 cm.
=336  \\$atext$btxt$2rdacontent
=336  \\$astill image$bsti$2rdacontent
=337  \\$aunmediated$bn$2rdamedia
=338  \\$avolume$bnc$2rdacarrier
=490  1\$aDiscussion paper series,$x0265-8003$aEconomic history ;$vDP11621
=500  \\$a"Submitted 10 November 2016".
=504  \\$aIncludes bibliographical references (pages 34-38).
=520  \\$aIt is generally argued that, in the context of Imperial Germany, public primary education was used to form "loyal citizens" and to build a nation. In this paper we analyze to what extent central spending on primary education affected participation at general elections and votes for pro-nationalist parties. We combine census data on the sources of school funding with federal election data at the level of 199 constituencies in five-year intervals from 1886 to 1911. Panel estimates of models with constituency and time-fixed effects show that an increase in the share of central spending is positively related to the vote share of pro-nationalist parties and voter turnout. Results from models with lagged central spending by category of expenditure are consistent with the role of indoctrination of public primary education.
=650  \0$aEducation, Elementary$xEconomic aspects$zGermany$xHistory.
=650  \0$aEducation, Elementary$xPolitical aspects$zGermany$xHistory.
=650  \0$aEducation and state$zGermany$xHistory.
=650  \0$aElections$zGermany$xHistory.
=651  \0$aGermany$xPolitics and government$y1871-1918.
=700  1\$aSchueler, Ruth M.,$eauthor.
=830  \0$aDiscussion paper (Centre for Economic Policy Research (Great Britain)) ;$vno. 11621.
=852  41$aBritish Library$bHMNTS$jYK.2018.a.3654
=856  40$uhttp://www.cepr.org/active/publications/discussion_papers/dp.php?dpno=11621
=985  \\$aLDLSCP record - no ISBN match on import to BLL01
=CAT  \\$aBATCH-LDLN$b00$c20170123$lBLL01$h2118
=CAT  \\$aBATCH-UPD$b00$c20170123$lBLL01$h2118
=CAT  \\$aBATCH-016$c20170125$lBLL01$h2146
=CAT  \\$a10999$b40$c20180703$lBLL01$h1154
=CAT  \\$a6989$b40$c20200810$lBLL01$h1744
=FIN  \\$aY$d20200810
=FMT  \\$a  BK
=LAS  \\$a6989$b40$c20200810$lBLL01$h1744

