=LDR  03107aam a2200565 i 4500
=001  018187900
=003  Uk
=005  20200814221126.0
=008  161219s2016\\\\enka\\\\\b\\\\000\0\eng\c
=015  \\$aGBB710186$2bnb
=016  7\$a018187900$2Uk
=020  \\$qpaperback
=035  \\$a(WlAbNL)99729741502419
=035  \\$a(StEdALDL)1/3523732
=035  \\$a(UkOxU)020746639
=040  \\$aStEdALDL$beng$cStEdALDL$dWlAbNL$dUk$erda
=042  \\$aukscp
=082  04$a364.1060945$223
=100  1\$aAlesina, Alberto,$eauthor.
=245  10$aOrganized crime, violence, and politics /$cAlberto Alesina, Salvatore Piccolo and Paolo Pinotti.
=264  \1$aLondon :$bCentre for Economic Policy Research,$c2016.
=300  \\$a38, 12 pages :$billustrations (black and white) ;$c21 cm.
=336  \\$atext$btxt$2rdacontent
=336  \\$astill image$bsti$2rdacontent
=337  \\$aunmediated$bn$2rdamedia
=338  \\$avolume$bnc$2rdacarrier
=490  1\$aDiscussion paper series,$x0265-8003$aPublic economics ;$vDP11641
=500  \\$a"Submitted 16 November 2016".
=504  \\$aIncludes bibliographical references (pages 35-38).
=520  \\$aWe show that in Sicily Mafia killings of politicians increase before elections and have negative effects on the vote received by parties not captured by the Mafia. Then, using a very large data set of electoral speeches, we find strong evidence that anti-mafia activities by politicians elected in Sicily are, in fact, negatively correlated with the levels of pre-electoral violence. Using data on homicides in all regions of Italy starting from the end of the nineteenth century, we identify a political cycle of homicides only in regions with organized crime. We also show how this electoral cycle changes as a function of different electoral rules and the relative strength of captured and non-captured parties. All these empirical findings are rationalized by a simple signaling model in which criminal organizations exert pre-electoral violence to inform adverse politicians about their military strength.
=650  \0$aOrganized crime$xPolitical aspects$zItaly.
=650  \0$aOrganized crime$xEconomic aspects$zItaly.
=650  \0$aElections$xCorrupt practices$zItaly.
=650  \0$aPolitical violence$xEconomic aspects$zItaly.
=690  7\$aSocial Welfare$2blcoll
=700  1\$aPiccolo, Salvatore,$eauthor.
=700  1\$aPinotti, Paolo,$eauthor.
=830  \0$aDiscussion paper (Centre for Economic Policy Research (Great Britain)) ;$vno. 11641.
=852  41$aBritish Library$bHMNTS$jYK.2018.a.3670
=856  40$uhttp://www.cepr.org/active/publications/discussion_papers/dp.php?dpno=11641
=985  \\$aLDLSCP record - no ISBN match on import to BLL01
=CAT  \\$aBATCH-LDLN$b00$c20170123$lBLL01$h2118
=CAT  \\$aBATCH-UPD$b00$c20170123$lBLL01$h2118
=CAT  \\$aBATCH-016$c20170125$lBLL01$h2146
=CAT  \\$a10999$b40$c20180703$lBLL01$h1340
=CAT  \\$a6989$b40$c20200810$lBLL01$h1750
=CAT  \\$aBATCH-SWP$c20200814$lBLL01$h2211
=FIN  \\$aY$d20200810
=FMT  \\$a  BK
=LAS  \\$aBATCH-SWP$b00$c20200814$lBLL01$h2211

