=LDR  03729aam a2200601 i 4500
=001  018188129
=003  Uk
=005  20200821210931.0
=008  170124s2016\\\\enka\\\\\b\\\\000\0\eng\c
=015  \\$aGBB731244$2bnb
=016  7\$a018188129$2Uk
=035  \\$a(WlAbNL)99732618402419
=035  \\$a(Uk)018188129
=040  \\$aUk$beng$cUk$dWlAbNL$dUk$erda
=042  \\$aukscp
=082  04$a336.207015195$223
=100  1\$aAkcigit, Ufuk,$eauthor.
=245  10$aOptimal taxation and R&D policies /$cUfuk Akcigit, Douglas Hanley, Stefanie Stantcheva.
=246  30$aOptimal taxation and research and development policies
=264  \1$aLondon :$bCentre for Economic Policy Research,$c2016.
=300  \\$a71 pages :$billustrations (black and white) ;$c21 cm.
=336  \\$atext$btxt$2rdacontent
=336  \\$astill image$bsti$2rdacontent
=337  \\$aunmediated$bn$2rdamedia
=338  \\$avolume$bnc$2rdacarrier
=490  1\$aDiscussion paper (Centre for Economic Policy Research (Great Britain)),$x0265-8003$aIndustrial organization$aMacroeconomics and growth$aPublic economics ;$vno. 11682
=500  \\$a"Submitted 03 December 2016".
=504  \\$aIncludes bibliographical references (pages 50-52).
=520  \\$aWe study the optimal design of R&D policies and corporate taxation when the outputs of innovation are not appropriable in the absence of intellectual property rights policies and there are non-internalized technology spillovers across firms. Firms are heterogeneous in their research productivity, i.e., in the efficiency with which they convert a given set of R&D inputs into successful innovations. There is asymmetric information about firm productivity and about its stochastic evolution over time that prevents the first best solution to the technology spillover. The problem is thus posed as one of dynamic mechanism design with externalities. We characterize the optimal constrained efficient allocations over firms' life cycles and for firms of different productivities. We show that the constrained efficient allocations can be implemented either by a patent system plus a price subsidy for the monopolists' products, together with a parsimonious R&D subsidy function or, equivalently, by a prize mechanism. We estimate our model using firm-level data matched to patent data and quantify the optimal policies. Simpler innovation policies, such as linear R&D subsidies and linear profit taxes, lead to large revenue losses relative to the optimal mechanism.
=650  \0$aCorporations$xTaxation$xEconomic aspects.
=650  \0$aTax credits$xEconomic aspects.
=650  \0$aResearch, Industrial$xEconomic aspects.
=650  \0$aResearch$xGovernment policy$xEconomic aspects.
=690  7\$aManagement and Business Studies$2blcoll
=700  1\$aHanley, Douglas,$eauthor.
=700  1\$aStantcheva, Stefanie,$eauthor.
=830  \0$aDiscussion paper (Centre for Economic Policy Research (Great Britain)) ;$vno. 11682.
=852  41$aBritish Library$bHMNTS$jYK.2018.a.3721
=856  40$uhttp://www.cepr.org/active/publications/discussion_papers/dp.php?dpno=11682
=985  \\$aLDL record matched & merged
=CAT  \\$a8337$b40$c20170124$lBLL01$h1045
=CAT  \\$aBATCH-016$c20170125$lBLL01$h2146
=CAT  \\$aBATCH-LDLE$b00$c20170306$lBLL01$h2115
=CAT  \\$c20170306$lBLL01$h2115
=CAT  \\$aBATCH-LDLL$b00$c20170306$lBLL01$h2116
=CAT  \\$aBATCH-LDL4$b00$c20170306$lBLL01$h2116
=CAT  \\$aBATCH-UPD$b00$c20170306$lBLL01$h2116
=CAT  \\$a10999$b40$c20180704$lBLL01$h0833
=CAT  \\$a6989$b40$c20200812$lBLL01$h1802
=CAT  \\$aBATCH-MBS$c20200821$lBLL01$h2109
=FIN  \\$aY$d20200812
=FMT  \\$a  BK
=LAS  \\$aBATCH-MBS$b00$c20200821$lBLL01$h2109

