=LDR  02896aam a2200565 i 4500
=001  018188267
=003  Uk
=005  20200821210931.0
=008  170124s2016\\\\enk\\\\\\b\\\\000\0\eng\c
=015  \\$aGBB731245$2bnb
=016  7\$a018188267$2Uk
=035  \\$a(WlAbNL)99732618802419
=035  \\$a(Uk)018188267
=040  \\$aUk$beng$cUk$dWlAbNL$dUk$erda
=042  \\$aukscp
=082  04$a339.22$223
=100  1\$aKanbur, S. M. Ravi,$d1954-$eauthor.
=245  10$aIntra-household inequality and overall inequality /$cRavi Kanbur.
=264  \1$aLondon :$bCentre for Economic Policy Research,$c2016.
=300  \\$a13 pages ;$c21 cm.
=336  \\$atext$btxt$2rdacontent
=337  \\$aunmediated$bn$2rdamedia
=338  \\$avolume$bnc$2rdacarrier
=490  1\$aDiscussion paper (Centre for Economic Policy Research (Great Britain)),$x0265-8003$aDevelopment economics ;$vno. 11719
=500  \\$a"Submitted 22 December 2016".
=504  \\$aIncludes bibliographical references (pages 12-13).
=520  \\$aAssessing the specific contribution of intra-household inequality to standard measures of overall inequality and poverty is an underdeveloped area of research and policy analysis. However, intra-household inequality is clearly important. It is argued in this paper that neglecting intra-household inequality could lead to (i) an understatement of inequality and an overstatement of the impact of growth on poverty reduction; (ii) a mis-statement of the potential impact of minimum wage policies on poverty; (iii) mis-design of transfer policies to reduce inequality and poverty. Any discussion of inequality in the welfare state cannot afford to ignore intra-household inequality.
=650  \0$aHouseholds$xEconomic aspects.
=650  \0$aEquality$xEconomic aspects.
=650  \0$aIncome distribution$xSocial aspects$xEconomic aspects.
=650  \0$aWelfare economics.
=690  7\$aManagement and Business Studies$2blcoll
=710  2\$aCentre for Economic Policy Research (Great Britain),$eissuing body.
=830  \0$aDiscussion paper (Centre for Economic Policy Research (Great Britain)) ;$vno. 11719.
=852  41$aBritish Library$bHMNTS$jYK.2018.a.3763
=856  40$uhttp://www.cepr.org/active/publications/discussion_papers/dp.php?dpno=11719
=985  \\$aLDL record matched & merged
=CAT  \\$a8337$b40$c20170124$lBLL01$h1228
=CAT  \\$aBATCH-016$c20170125$lBLL01$h2146
=CAT  \\$aBATCH-LDLE$b00$c20170306$lBLL01$h2115
=CAT  \\$c20170306$lBLL01$h2115
=CAT  \\$aBATCH-LDLL$b00$c20170306$lBLL01$h2116
=CAT  \\$aBATCH-LDL4$b00$c20170306$lBLL01$h2116
=CAT  \\$aBATCH-UPD$b00$c20170306$lBLL01$h2116
=CAT  \\$a10999$b40$c20180704$lBLL01$h1404
=CAT  \\$a6989$b40$c20200813$lBLL01$h1425
=CAT  \\$aBATCH-MBS$c20200821$lBLL01$h2109
=FIN  \\$aY$d20200813
=FMT  \\$a  BK
=LAS  \\$aBATCH-MBS$b00$c20200821$lBLL01$h2109

