=LDR  02856aam a2200553 i 4500
=001  018188308
=003  Uk
=005  20200821210931.0
=008  170124s2016\\\\enk\\\\\\b\\\\000\0\eng\c
=015  \\$aGBB731243$2bnb
=016  7\$a018188308$2Uk
=035  \\$a(WlAbNL)99732618302419
=035  \\$a(Uk)018188308
=040  \\$aUk$beng$cUk$dWlAbNL$dUk$erda
=042  \\$aukscp
=082  04$a338.9667$223
=100  1\$aKanbur, S. M. Ravi,$d1954-$eauthor.
=245  10$aW. Arthur Lewis and the roots of Ghanaian economic policy /$cRavi Kanbur.
=264  \1$aLondon :$bCentre for Economic Policy Research,$c2016.
=300  \\$a13 pages ;$c21 cm.
=336  \\$atext$btxt$2rdacontent
=337  \\$aunmediated$bn$2rdamedia
=338  \\$avolume$bnc$2rdacarrier
=490  1\$aDiscussion paper (Centre for Economic Policy Research (Great Britain)),$aDevelopment economics,$x0265-8003 ;$vno. 11720
=500  \\$a"Submitted 22 December 2016".
=504  \\$aIncludes bibliographical references (pages 12-13).
=520  \\$aAll those who know Ghana know about the association of Nobel Laureate W. Arthur Lewis with the country's economic policy making before independence and in its early years as a free nation. But there is less appreciation in development economics more generally of the central role that Ghana played in Lewis's thinking as a development economist, and there is less appreciation among Ghanaians of how the Ghana experience left an indelible mark on Lewis in the second half of his career. In this sixtieth year of Ghana's independence, this paper attempts to set out the deep connections between this giant of development economics and the evolution of Ghanaian Economic Policy.
=600  10$aLewis, W. Arthur$q(William Arthur),$d1915-1991.
=650  \0$aEconomic development$zGhana.
=651  \0$aGhana$xEconomic policy.
=690  7\$aManagement and Business Studies$2blcoll
=710  2\$aCentre for Economic Policy Research (Great Britain),$eissuing body.
=830  \0$aDiscussion paper (Centre for Economic Policy Research (Great Britain)) ;$vno. 11720.
=852  41$aBritish Library$bHMNTS$jYK.2018.a.3767
=856  40$uhttp://www.cepr.org/active/publications/discussion_papers/dp.php?dpno=11720
=985  \\$aLDL record matched & merged
=CAT  \\$a8337$b40$c20170124$lBLL01$h1331
=CAT  \\$aBATCH-016$c20170125$lBLL01$h2146
=CAT  \\$aBATCH-LDLE$b00$c20170306$lBLL01$h2115
=CAT  \\$c20170306$lBLL01$h2115
=CAT  \\$aBATCH-LDLL$b00$c20170306$lBLL01$h2116
=CAT  \\$aBATCH-LDL4$b00$c20170306$lBLL01$h2116
=CAT  \\$aBATCH-UPD$b00$c20170306$lBLL01$h2116
=CAT  \\$a10999$b40$c20180704$lBLL01$h1427
=CAT  \\$a6989$b40$c20200813$lBLL01$h1512
=CAT  \\$aBATCH-MBS$c20200821$lBLL01$h2109
=FIN  \\$aY$d20200813
=FMT  \\$a  BK
=LAS  \\$aBATCH-MBS$b00$c20200821$lBLL01$h2109

