=LDR  03022aam a2200589 i 4500
=001  018188331
=003  Uk
=005  20200821210931.0
=008  170124s2016\\\\enka\\\\\b\\\\000\0\eng\c
=015  \\$aGBB750082$2bnb
=016  7\$a018188331$2Uk
=035  \\$a(WlAbNL)99732618902419
=035  \\$a(Uk)018188331
=040  \\$aUk$beng$cUk$dWlAbNL$dUk$erda
=042  \\$aukscp
=082  04$a332.742$223
=100  1\$aCoricelli, Fabrizio,$eauthor.
=245  10$aInter-enterprise credit and adjustment during financial crises :$bthe role of firm size /$cFabrizio Coricelli and Marco Frigerio.
=264  \1$aLondon :$bCentre for Economic Policy Research,$c2016.
=300  \\$a59 pages :$billustrations (black and white) ;$c21 cm.
=336  \\$atext$btxt$2rdacontent
=336  \\$astill image$bsti$2rdacontent
=337  \\$aunmediated$bn$2rdamedia
=338  \\$avolume$bnc$2rdacarrier
=490  1\$aDiscussion paper (Centre for Economic Policy Research (Great Britain)),$x0265-8003$aInternational macroeconomics and finance$aMonetary economics and fluctuations ;$vno. 11680
=500  \\$a"Submitted 03 December 2016".
=504  \\$aIncludes bibliographical references (pages 41-43).
=520  \\$aAnalyzing a large firm-level database for European countries, the paper shows that during the Great Recession trade credit amplified the liquidity squeeze on SMEs induced by the contraction of bank credit. Because of their generally weaker bargaining power in the inter-enterprise credit market, SMEs sharply increased their net trade credit and thus transferred financial resources to larger firms. The paper finds that the liquidity squeeze induced by trade credit had large negative effects on real activity by SMEs, contributing to the fall in employment, wages and investments.
=650  \0$aCommercial credit.
=650  \0$aInternational business enterprises$xFinance.
=650  \0$aFinancial crises.
=690  7\$aManagement and Business Studies$2blcoll
=700  1\$aFrigerio, Marco,$eauthor.
=710  2\$aCentre for Economic Policy Research (Great Britain),$eissuing body.
=830  \0$aDiscussion paper (Centre for Economic Policy Research (Great Britain)) ;$vno. 11680.
=852  41$aBritish Library$bHMNTS$jYK.2018.a.3770
=856  40$uhttp://www.cepr.org/active/publications/discussion_papers/dp.php?dpno=11680
=985  \\$aLDL record matched & merged
=CAT  \\$a8337$b40$c20170124$lBLL01$h1345
=CAT  \\$aBATCH-016$c20170125$lBLL01$h2146
=CAT  \\$aBATCH-LDLE$b00$c20170320$lBLL01$h2100
=CAT  \\$c20170320$lBLL01$h2100
=CAT  \\$aBATCH-LDLL$b00$c20170320$lBLL01$h2100
=CAT  \\$aBATCH-LDL4$b00$c20170320$lBLL01$h2101
=CAT  \\$aBATCH-UPD$b00$c20170320$lBLL01$h2101
=CAT  \\$aBATCH-UPD$b00$c20171101$lBLL01$h1145
=CAT  \\$a10999$b40$c20180704$lBLL01$h1434
=CAT  \\$a6989$b40$c20200813$lBLL01$h1850
=CAT  \\$aBATCH-MBS$c20200821$lBLL01$h2109
=FIN  \\$aY$d20200813
=FMT  \\$a  BK
=LAS  \\$aBATCH-MBS$b00$c20200821$lBLL01$h2109

