=LDR  03251aam a2200613 i 4500
=001  018188338
=003  Uk
=005  20200821210931.0
=008  170124s2016\\\\enka\\\\\b\\\\000\0\eng\c
=015  \\$aGBB754759$2bnb
=016  7\$a018188338$2Uk
=035  \\$a(WlAbNL)99732618702419
=035  \\$a(Uk)018188338
=040  \\$aUk$beng$cUk$dWlAbNL$dUk$erda
=042  \\$aukscp
=082  04$a382.60681$223
=100  1\$aLyonnet, Victor,$eauthor.
=245  10$aInvoicing currency and financial hedging /$cVictor Lyonnet, Julien Martin and Isabelle Mejean.
=264  \1$aLondon :$bCentre for Economic Policy Research,$c2016.
=300  \\$a38 pages :$billustrations (black and white) ;$c21 cm.
=336  \\$atext$btxt$2rdacontent
=336  \\$astill image$bsti$2rdacontent
=337  \\$aunmediated$bn$2rdamedia
=338  \\$avolume$bnc$2rdacarrier
=490  1\$aDiscussion paper (Centre for Economic Policy Research (Great Britain)),$x0265-8003$aInternational trade and regional economics$aInternational macroeconomics and finance ;$vno. 11700
=500  \\$a"Submitted 09 December 2016".
=504  \\$aIncludes bibliographical references (pages 24-27).
=520  \\$aWe use the results of a survey conducted on a sample of 3,013 exporting firms located in five euro-countries to explore the link between exporters' currency choice decisions and use of financial instruments to hedge exchange rate risks. Approximately 90[%] of firms in the sample invoice exports in their (producer) currency. Large firms are however more likely to use another currency. These firms are also more likely to hedge against exchange rate risk, which increases their propensity to invoice in the importer's currency. We propose a model of currency choice and hedging that rationalizes these findings. When the cost of hedging has a fixed component, large firms are more likely to hedge and to invoice in the importer's currency. This has implications for exchange rate pass-through.
=650  \0$aExports$xPrices.
=650  \0$aCurrency question.
=650  \0$aForeign exchange rates.
=650  \0$aHedging (Finance)
=650  \0$aInternational trade.
=690  7\$aManagement and Business Studies$2blcoll
=700  1\$aMartin, Julien,$d1985-$eauthor.
=700  1\$aMéjean, Isabelle,$eauthor.
=710  2\$aCentre for Economic Policy Research (Great Britain),$eissuing body.
=830  \0$aDiscussion paper (Centre for Economic Policy Research (Great Britain)) ;$vno. 11700.
=852  41$aBritish Library$bHMNTS$jYK.2018.a.3743
=856  40$uhttp://www.cepr.org/active/publications/discussion_papers/dp.php?dpno=11700
=985  \\$aLDL record matched & merged
=CAT  \\$a8337$b40$c20170124$lBLL01$h1349
=CAT  \\$aBATCH-016$c20170125$lBLL01$h2146
=CAT  \\$aBATCH-LDLE$b00$c20170327$lBLL01$h2104
=CAT  \\$c20170327$lBLL01$h2105
=CAT  \\$aBATCH-LDLL$b00$c20170327$lBLL01$h2105
=CAT  \\$aBATCH-LDL4$b00$c20170327$lBLL01$h2105
=CAT  \\$aBATCH-UPD$b00$c20170327$lBLL01$h2106
=CAT  \\$a10999$b40$c20180704$lBLL01$h0910
=CAT  \\$a6989$b40$c20200813$lBLL01$h1900
=CAT  \\$aBATCH-MBS$c20200821$lBLL01$h2109
=FIN  \\$aY$d20200813
=FMT  \\$a  BK
=LAS  \\$aBATCH-MBS$b00$c20200821$lBLL01$h2109

