=LDR  03704 am a2200517 i 4500
=001  018196451
=003  Uk
=005  20180703120622.0
=008  161219s2016\\\\enka\\\\\b\\\\000\0\eng\c
=015  \\$aGBB713394$2bnb
=016  7\$a018196451$2Uk
=020  \\$qpaperback
=035  \\$a(WlAbNL)99729740002419
=035  \\$a(StEdALDL)1/3523736
=035  \\$a(UkOxU)020746643
=040  \\$aStEdALDL$beng$cStEdALDL$dWlAbNL$erda
=042  \\$aukscp
=100  10$aFavero, Carlo A.,$eauthor.
=245  10$aImplications of return predictability across horizons for asset pricing models /$cCarlo A. Favero, Fulvio Ortu, Andrea Tamoni and Haoxi Yang.
=264  \1$aLondon :$bCentre for Economic Policy Research,$c2016.
=300  \\$a61 pages :$billustrations (black and white) ;$c21 cm.
=336  \\$atext$btxt$2rdacontent
=336  \\$astill image$bsti$2rdacontent
=337  \\$aunmediated$bn$2rdamedia
=338  \\$avolume$bnc$2rdacarrier
=490  1\$aDiscussion paper series,$x0265-8003$aInternational macroeconomics and finance ;$vDP11645
=500  \\$a"Submitted 18 November 2016".
=504  \\$aIncludes bibliographical references (pages 45-49).
=520  \\$aWe use the evidence on predictability of returns at different horizons to discriminate among competing asset pricing models. Specifically, we employ predictors-based variance bounds, i.e. bounds on the variance of the Stochastic Discount Factors (SDFs) that price a given set of returns conditional on the information contained in a vector of return predictors. We show that return predictability delivers variance bounds that are much tighter than the classical, unconditional Hansen and Jagannathan (1991) bounds. We use the predictors-based bounds to discriminate among three leading classes of asset pricing models: rare disasters, long-run risks and external habit. We find that the rare disasters model of Nakamura, Steinsson, Barro, and Ursua (2013) is the best performer since it satisfies rather comfortably the predictors-based bounds at all horizons. As for long-run risks, while the classical version of Bansal and Yaron (2004) is the model most challenged by the introduction of conditioning information since it struggles to meet the bounds at all horizons, the more general version of Schorfheide, Song, and Yaron (2016), which accounts for multiple volatility components, satisfies the 1- and 5-year bounds as long as the set of test assets includes only equities and T-Bills. The Campbell and Cochrane (1999) habit model lies somehow in the middle: it performs quite well at our longest 5-year horizon while it struggles at the 1-year horizon. Finally, when the set of test assets is augmented with Treasury Bonds, the only model that is able to satisfy the predictors-based bounds is the rare disasters model.
=650  \0$aAssets (Accounting)$xPrices$xEconometric models.
=650  \0$aRate of return$xEconometric models.
=650  \0$aDisasters$xForecasting$xEconomic aspects.
=700  1\$aOrtu, Fulvio,$d1960-$eauthor.
=700  1\$aTamoni, Andrea,$eauthor.
=700  1\$aYang, Haoxi,$eauthor.
=830  \0$aDiscussion paper (Centre for Economic Policy Research (Great Britain)) ;$vno. 11645.
=852  41$aBritish Library$bHMNTS$jYK.2018.a.3661
=856  40$uhttp://www.cepr.org/active/publications/discussion_papers/dp.php?dpno=11645
=985  \\$aAwaiting NetCat DDC
=985  \\$aLDLSCP record - no ISBN match on import to BLL01
=CAT  \\$aBATCH-LDLN$b00$c20170130$lBLL01$h2058
=CAT  \\$aBATCH-UPD$b00$c20170130$lBLL01$h2059
=CAT  \\$aBATCH-016$c20171206$lBLL01$h2205
=CAT  \\$a10999$b40$c20180703$lBLL01$h1206
=FMT  \\$a  BK
=LAS  \\$a10999$b40$c20180703$lBLL01$h1206

