=LDR  02991 am a2200517 i 4500
=001  018196452
=003  Uk
=005  20180704093037.0
=008  161219s2016\\\\enkab\\\\b\\\\000\0\eng\c
=015  \\$aGBB713395$2bnb
=016  7\$a018196452$2Uk
=020  \\$qpaperback
=035  \\$a(WlAbNL)99729740102419
=035  \\$a(StEdALDL)1/3523685
=035  \\$a(UkOxU)020746598
=040  \\$aStEdALDL$beng$cStEdALDL$dWlAbNL$erda
=042  \\$aukscp
=100  1\$aSousa, Jose Albuquerque de,$eauthor.
=245  10$aNascent markets :$bunderstanding the success and failure of new stock markets /$cJose Albuquerque de Sousa, Thorsten Beck, Peter van Bergeijk and Mathijs A. Van Dijk.
=264  \1$aLondon :$bCentre for Economic Policy Research,$c2016.
=300  \\$a66 pages :$billustrations (black and white), maps (black and white) ;$c21 cm.
=336  \\$atext$btxt$2rdacontent
=336  \\$astill image$bsti$2rdacontent
=336  \\$acartographic image$bcri$2rdacontent
=337  \\$aunmediated$bn$2rdamedia
=338  \\$avolume$bnc$2rdacarrier
=490  1\$aDiscussion paper series,$x0265-8003$aFinancial economics ;$vDP11604
=500  \\$a"Submitted 04 November 2016".
=504  \\$aIncludes bibliographical references (pages 29-32).
=520  \\$aWe study the success and failure of 59 newly established ("nascent") stock markets since 1975 in their first 40 years of activity. Nascent markets differ markedly in their success, as measured by number of listings, market capitalisation, and trading activity. Long-term success is in part determined by early success: a high initial number of listings and trading activity are necessary, though not sufficient, conditions for long-term success. Banking sector development at the time of establishment and development of national savings over the life of the stock market are the other two most reliable predictors of success. We find little evidence that structural factors such as country size or legal and political institutions matter. Rather, our results point to an important role of banks, demand factors, and initial success in fostering long-term stock market development.
=650  \0$aStock exchanges$xEconomic aspects.
=650  \0$aEconomic development.
=700  1\$aBeck, Thorsten,$eauthor.
=700  1\$aBergeijk, Peter A. G. van,$d1959-$eauthor.
=700  1\$aDijk, Mathijs A. van,$d1973-$eauthor.
=830  \0$aDiscussion paper (Centre for Economic Policy Research (Great Britain)) ;$vno. 11604.
=852  41$aBritish Library$bHMNTS$jYK.2018.a.3752
=856  40$uhttp://www.cepr.org/active/publications/discussion_papers/dp.php?dpno=11604
=985  \\$aAwaiting NetCat DDC
=985  \\$aLDLSCP record - no ISBN match on import to BLL01
=CAT  \\$aBATCH-LDLN$b00$c20170130$lBLL01$h2058
=CAT  \\$aBATCH-UPD$b00$c20170130$lBLL01$h2059
=CAT  \\$aBATCH-016$c20171206$lBLL01$h2205
=CAT  \\$a10999$b40$c20180704$lBLL01$h0930
=FMT  \\$a  BK
=LAS  \\$a10999$b40$c20180704$lBLL01$h0930

