=LDR  02958 am a2200589 i 4500
=001  018224670
=003  Uk
=005  20201016213905.0
=008  161219s2016\\\\enka\\\\\b\\\\000\0\eng\c
=015  \\$aGBB721966$2bnb
=016  7\$a018224670$2Uk
=020  \\$qpaperback
=035  \\$a(WlAbNL)99729741602419
=035  \\$a(StEdALDL)1/3523723
=035  \\$a(UkOxU)020746630
=040  \\$aStEdALDL$beng$cStEdALDL$dWlAbNL$erda
=042  \\$aukscp
=082  04$a352.530941$223
=100  1\$aMüller, Daniel,$d1978-$eauthor.
=245  10$aOptimal ownership of public goods in the presence of transaction costs /$cDaniel Müller and Patrick W. Schmitz.
=264  \1$aLondon :$bCentre for Economic Policy Research,$c2016.
=300  \\$a16 pages :$billustrations (black and white) ;$c21 cm.
=336  \\$atext$btxt$2rdacontent
=336  \\$astill image$bsti$2rdacontent
=337  \\$aunmediated$bn$2rdamedia
=338  \\$avolume$bnc$2rdacarrier
=490  1\$aDiscussion paper series,$x0265-8003$aIndustrial organization ;$vDP11632
=500  \\$a"Submitted 13 November 2016".
=504  \\$aIncludes bibliographical references (pages 15-16).
=520  \\$aA non-governmental organization (NGO) can make a non-contractible investment to provide a public good. Only ownership can be specified ex ante, so ex post efficiency requires reaching an agreement with the government. Besley and Ghatak (2001) argue that the party with the larger valuation should be the owner. We show that when transaction costs have to be incurred before the bargaining stage can be reached, ownership by the government can be optimal even when the NGO has a larger valuation. Our finding also contrasts with the standard private-good setup where the investing party (i.e., the NGO) should always be the owner.
=650  \0$aPublic goods$xEconometric models.
=650  \0$aTransaction costs$xEconometric models.
=650  \0$aIncomplete contracts$xEconometric models.
=650  \0$aRight of property$xEconometric models.
=690  7\$aManagement and Business Studies$2blcoll
=700  1\$aSchmitz, Patrick,$eauthor.
=830  \0$aDiscussion paper (Centre for Economic Policy Research (Great Britain)) ;$vno. 11632.
=852  41$aBritish Library$bHMNTS$jYK.2018.a.3651
=856  40$uhttp://www.cepr.org/active/publications/discussion_papers/dp.php?dpno=11632
=985  \\$aLDLSCP record - no ISBN match on import to BLL01
=CAT  \\$aBATCH-LDLN$b00$c20170213$lBLL01$h2116
=CAT  \\$aBATCH-UPD$b00$c20170213$lBLL01$h2116
=CAT  \\$aBATCH-UPD$b00$c20170213$lBLL01$h2117
=CAT  \\$aBATCH-016$c20171206$lBLL01$h2205
=CAT  \\$a10999$b40$c20180703$lBLL01$h1150
=CAT  \\$a8323$b40$c20200914$lBLL01$h1207
=CAT  \\$a8323$b40$c20200914$lBLL01$h1209
=CAT  \\$a8323$b40$c20201009$lBLL01$h0836
=CAT  \\$aBATCH-MBS$c20201016$lBLL01$h2139
=FIN  \\$aY$d20200914
=FMT  \\$a  BK
=LAS  \\$aBATCH-MBS$b00$c20201016$lBLL01$h2139

