=LDR  03131aam a2200553 i 4500
=001  018283934
=003  Uk
=005  20201120095449.0
=008  170224s2017\\\\enkab\\\\b\\\\000\0\eng\c
=015  \\$aGBB758769$2bnb
=016  7\$a018283934$2Uk
=020  \\$qpaperback
=035  \\$a(WlAbNL)99742842402419
=035  \\$a(StEdALDL)1/3545988
=035  \\$a(UkOxU)020787659
=040  \\$aStEdALDL$beng$cStEdALDL$dWlAbNL$dUk$erda
=042  \\$aukscp
=082  04$a363.73874$223
=100  1\$aIyigun, Murat,$eauthor.
=245  10$aWinter is coming :$bthe long-run effects of climate change on conflict, 1400-1900 /$cMurat Iyigun, Nathan Nunn and Nancy Qian.
=264  \1$aLondon :$bCentre for Economic Policy Research,$c2017.
=300  \\$a63 pages :$billustrations (black and white), maps (black and white) ;$c21 cm.
=336  \\$atext$btxt$2rdacontent
=336  \\$astill image$bsti$2rdacontent
=336  \\$acartographic image$bcri$2rdacontent
=337  \\$aunmediated$bn$2rdamedia
=338  \\$avolume$bnc$2rdacarrier
=490  1\$aDiscussion paper (Centre for Economic Policy Research (Great Britain)),$x0265-8003 ;$vno. 11760$aDevelopment economics$aEconomic history ;
=500  \\$a"Submitted 09 January 2017."
=504  \\$aIncludes bibliographical references (pages 52-55).
=520  \\$aThis paper investigates the long-run effects of climate change on conflict by examining cooling from 1400-1900 CE, a period that includes most of the Little Ice Age. We construct a geo-referenced and digitized database of conflicts in Europe, North Africa, and the Near East from 1400-1900, which we merge with historical temperature data. We first show that during this time, cooling is associated with increased conflict. Then, turning to the dynamics of cooling, we allow the effects of cooling over a fifty-year period to depend on the extent of cooling during the preceding fifty-year period. We find that the effect of cooling on conflict is significantly larger if the same location experienced cooling during the preceding period. We interpret this as evidence that the adverse effect of climate change intensifies with its duration.
=650  \0$aSocial conflict$xEnvironmental aspects$xHistory.
=650  \0$aClimatic changes$xSocial aspects$xHistory.
=700  1\$aNunn, Nathan,$eauthor.
=700  1\$aQian, Nancy,$eauthor.
=710  2\$aCentre for Economic Policy Research (Great Britain),$eissuing body.
=830  \0$aDiscussion paper (Centre for Economic Policy Research (Great Britain)) ;$vno. 11760.
=852  41$aBritish Library$bHMNTS$jYK.2018.a.3882
=856  40$uhttp://www.cepr.org/active/publications/discussion_papers/dp.php?dpno=11760
=985  \\$aLDLSCP record - no ISBN match on import to BLL01
=CAT  \\$aBATCH-LDLN$b00$c20170403$lBLL01$h2113
=CAT  \\$aBATCH-UPD$b00$c20170403$lBLL01$h2113
=CAT  \\$aBATCH-016$c20180207$lBLL01$h2157
=CAT  \\$a10999$b40$c20180710$lBLL01$h0826
=CAT  \\$a9666$b40$c20201120$lBLL01$h0953
=CAT  \\$a9666$b40$c20201120$lBLL01$h0954
=FIN  \\$aY$d20201120
=FMT  \\$a  BK
=LAS  \\$a9666$b40$c20201120$lBLL01$h0954

