=LDR  02942aam a2200553 i 4500
=001  018283935
=003  Uk
=005  20201127220138.0
=008  170224s2017\\\\enka\\\\\b\\\\000\0\eng\c
=015  \\$aGBB758770$2bnb
=016  7\$a018283935$2Uk
=020  \\$qpaperback
=035  \\$a(WlAbNL)99742842802419
=035  \\$a(StEdALDL)1/3545956
=035  \\$a(UkOxU)020787629
=040  \\$aStEdALDL$beng$cStEdALDL$dWlAbNL$dUk$erda
=042  \\$aukscp
=082  04$a332.4109569$223
=100  1\$aRazin, Assaf,$eauthor.
=245  10$aIsrael's triumph over inflation :$bthe long and winding road /$cAssaf Razin.
=264  \1$aLondon :$bCentre for Economic Policy Research,$c2017.
=300  \\$a49 unnumbered pages :$billustrations (black and white) ;$c21 cm.
=336  \\$atext$btxt$2rdacontent
=336  \\$astill image$bsti$2rdacontent
=337  \\$aunmediated$bn$2rdamedia
=338  \\$avolume$bnc$2rdacarrier
=490  1\$aDiscussion paper (Centre for Economic Policy Research (Great Britain)),$x0265-8003 ;$vno. 11787$aInternational macroeconomics and finance ;
=500  \\$a"Submitted 16 January 2017."
=504  \\$aIncludes bibliographical references (unnumbered pages 46-49).
=520  \\$aThe paper gives an economic-history perspective of the long struggle with Inflation. It covers the early acceleration to three-digit levels, lasting 8 years; The stabilization program, based on political backing triggered sharp fall in inflationary expectation, and consequently to sharp inflation reduction to two-digit levels; The convergence to the advanced countries' levels during the "great Moderation", And Israel's resistance to the deflation-depression forces that the 2008 crisis created. The emphasis is on the forces of globalization and the building of institutions, political, regulatory, financial, budget design, and monetary, which helped stabilize prices and output.
=650  \0$aInflation (Finance)$zIsrael$xHistory.
=650  \0$aMonetary policy$zIsrael$xHistory.
=650  \0$aEconomic stabilization$zIsrael$xHistory.
=690  7\$aManagement and Business Studies$2blcoll
=710  2\$aCentre for Economic Policy Research (Great Britain),$eissuing body.
=830  \0$aDiscussion paper (Centre for Economic Policy Research (Great Britain)) ;$vno. 11787.
=852  41$aBritish Library$bHMNTS$jYK.2018.a.3904
=856  40$uhttp://www.cepr.org/active/publications/discussion_papers/dp.php?dpno=11787
=985  \\$aLDLSCP record - no ISBN match on import to BLL01
=CAT  \\$aBATCH-LDLN$b00$c20170403$lBLL01$h2113
=CAT  \\$aBATCH-UPD$b00$c20170403$lBLL01$h2113
=CAT  \\$aBATCH-016$c20180131$lBLL01$h2158
=CAT  \\$a10999$b40$c20180710$lBLL01$h0923
=CAT  \\$a9666$b40$c20201120$lBLL01$h0958
=CAT  \\$a9666$b40$c20201120$lBLL01$h0959
=CAT  \\$aBATCH-MBS$c20201127$lBLL01$h2201
=FIN  \\$aY$d20201120
=FMT  \\$a  BK
=LAS  \\$aBATCH-MBS$b00$c20201127$lBLL01$h2201

