=LDR  03351 am a2200505 i 4500
=001  018283936
=003  Uk
=005  20180710084512.0
=008  170224s2017\\\\enka\\\\\b\\\\000\0\eng\c
=015  \\$aGBB758771$2bnb
=016  7\$a018283936$2Uk
=020  \\$qpaperback
=035  \\$a(WlAbNL)99742843002419
=035  \\$a(StEdALDL)1/3545958
=035  \\$a(UkOxU)020787631
=040  \\$aStEdALDL$beng$cStEdALDL$dWlAbNL$erda
=042  \\$aukscp
=100  1\$aGraetz, Georg,$eauthor.
=245  10$aIs modern technology responsible for jobless recoveries? /$cGeorg Graetz and Guy Michaels.
=264  \1$aLondon :$bCentre for Economic Policy Research,$c2017.
=300  \\$a21 pages :$billustrations (black and white) ;$c21 cm.
=336  \\$atext$btxt$2rdacontent
=336  \\$astill image$bsti$2rdacontent
=337  \\$aunmediated$bn$2rdamedia
=338  \\$avolume$bnc$2rdacarrier
=490  1\$aDiscussion paper (Centre for Economic Policy Research (Great Britain)),$x0265-8003$aLabour economics ;$vno. 11789
=500  \\$a"Submitted 17 January 2017"
=504  \\$aIncludes bibliographical references (pages 8-9).
=520  \\$aSince the early 1990s, recoveries from recessions in the US have been plagued by weak employment growth. One possible explanation for these "jobless" recoveries is rooted in technological change: middle-skill jobs, often involving routine tasks, are lost during recessions, and the displaced workers take time to transition into other jobs (Jaimovich and Siu, 2014). But technological replacement of middle-skill workers is not unique to the US -- it also takes place in other developed countries (Goos, Manning, and Salomons, 2014). So if jobless recoveries in the US are due to technology, we might expect to also see them elsewhere in the developed world. We test this possibility using data on recoveries from 71 recessions in 28 industries and 17 countries from 1970-2011. We find that though GDP recovered more slowly after recent recessions, employment did not. Industries that used more routine tasks, and those more exposed to robotization, did not recently experience slower employment recoveries. Finally, middle-skill employment did not recover more slowly after recent recessions, and this pattern was no different in routine-intensive industries. Taken together, this evidence suggests that technology is not causing jobless recoveries in developed countries outside the US.
=650  \0$aUnemployment$zUnited States.
=650  \0$aLabor market$xEffect of technological innovations on$zUnited States.
=650  \0$aSkilled labor$xSupply and demand$zUnited States.
=700  1\$aMichaels, Guy,$eauthor.
=710  2\$aCentre for Economic Policy Research (Great Britain),$eissuing body.
=830  \0$aDiscussion paper (Centre for Economic Policy Research (Great Britain)) ;$vno. 11789.
=852  41$aBritish Library$bHMNTS$jYK.2018.a.3892
=856  40$uhttp://www.cepr.org/active/publications/discussion_papers/dp.php?dpno=11789
=985  \\$aAwaiting NetCat DDC
=985  \\$aLDLSCP record - no ISBN match on import to BLL01
=CAT  \\$aBATCH-LDLN$b00$c20170403$lBLL01$h2113
=CAT  \\$aBATCH-UPD$b00$c20170403$lBLL01$h2113
=CAT  \\$aBATCH-016$c20180207$lBLL01$h2157
=CAT  \\$a10999$b40$c20180710$lBLL01$h0845
=FMT  \\$a  BK
=LAS  \\$a10999$b40$c20180710$lBLL01$h0845

