=LDR  02933aam a2200589 i 4500
=001  018283937
=003  Uk
=005  20201127223608.0
=008  170224s2017\\\\enka\\\\\b\\\\000\0\eng\c
=015  \\$aGBB758772$2bnb
=016  7\$a018283937$2Uk
=035  \\$a(WlAbNL)99742843402419
=035  \\$a(StEdALDL)1/3545972
=035  \\$a(UkOxU)020787644
=040  \\$aStEdALDL$beng$cStEdALDL$dWlAbNL$dUk$erda
=042  \\$aukscp
=082  04$a331.120973$223
=100  1\$aBehrens, Kristian,$eauthor.
=245  10$aOn measuring welfare changes when varieties are endogenous /$cKristian Behrens, Yoshitsugu Kanemoto and Yasusada Murata.
=264  \1$aLondon :$bCentre for Economic Policy Research,$c2017.
=300  \\$a33 pages :$billustrations (black and white) ;$c21 cm.
=336  \\$atext$btxt$2rdacontent
=336  \\$astill image$bsti$2rdacontent
=337  \\$aunmediated$bn$2rdamedia
=338  \\$avolume$bnc$2rdacarrier
=490  1\$aDiscussion paper (Centre for Economic Policy Research (Great Britain)),$x0265-8003 ;$vno. 11774$aInternational trade and regional economics ;
=500  \\$a"Submitted 13 January 2017."
=504  \\$aIncludes bibliographical references (pages 23-24).
=520  \\$aExtant studies take it for granted that there is a one-to-one mapping from a change in the equilibrium allocation to a change in welfare. We show that such a premise does not apply to fairly standard models of monopolistic competition. For any change in the equilibrium allocation, there exist an infinite number of possible welfare changes when the mass of varieties consumed differs between the two equilibria. Our results thus reveal a fundamental difficulty in measuring welfare changes when varieties are endogenous.
=650  \0$aMonopolistic competition$xEconomic aspects.
=650  \0$aWelfare economics.
=650  \0$aEquilibrium (Economics)
=690  7\$aManagement and Business Studies$2blcoll
=690  7\$aSocial Welfare$2blcoll
=700  1\$aKanemoto, Yoshitsugu,$eauthor.
=700  1\$aMurata, Yasusada,$eauthor.
=710  2\$aCentre for Economic Policy Research (Great Britain),$eissuing body.
=830  \0$aDiscussion paper (Centre for Economic Policy Research (Great Britain)) ;$vno. 11774.
=852  41$aBritish Library$bHMNTS$jYK.2018.a.3868
=856  40$uhttp://www.cepr.org/active/publications/discussion_papers/dp.php?dpno=11774
=985  \\$aLDLSCP record - no ISBN match on import to BLL01
=CAT  \\$aBATCH-LDLN$b00$c20170403$lBLL01$h2113
=CAT  \\$aBATCH-UPD$b00$c20170403$lBLL01$h2113
=CAT  \\$aBATCH-016$c20180131$lBLL01$h2158
=CAT  \\$a10999$b40$c20180710$lBLL01$h0804
=CAT  \\$a9666$b40$c20201120$lBLL01$h1000
=CAT  \\$a9666$b40$c20201120$lBLL01$h1001
=CAT  \\$aBATCH-MBS$c20201127$lBLL01$h2201
=CAT  \\$aBATCH-SWP$c20201127$lBLL01$h2236
=FIN  \\$aY$d20201120
=FMT  \\$a  BK
=LAS  \\$aBATCH-SWP$b00$c20201127$lBLL01$h2236

