=LDR  02876aam a2200553 i 4500
=001  018297278
=003  Uk
=005  20210115214026.0
=008  170224s2017\\\\enk\\\\\\b\\\\000\0\eng\c
=015  \\$aGBB765846$2bnb
=016  7\$a018297278$2Uk
=020  \\$qpaperback
=035  \\$a(WlAbNL)99742842702419
=035  \\$a(StEdALDL)1/3546020
=035  \\$a(UkOxU)020787691
=040  \\$aStEdALDL$beng$cStEdALDL$dWlAbNL$dUk$erda
=042  \\$aukscp
=082  04$a331.2153$223
=100  1\$aBarigozzi, Francesca,$eauthor.
=245  10$aWomen's career choices, social norms and child care policies /$cFrancesca Barigozzi, Helmuth Cremer and Kerstin Roeder.
=264  \1$aLondon :$bCentre for Economic Policy Research,$c2017.
=300  \\$a34 pages ;$c21 cm.
=336  \\$atext$btxt$2rdacontent
=337  \\$aunmediated$bn$2rdamedia
=338  \\$avolume$bnc$2rdacarrier
=490  1\$aDiscussion paper (Centre for Economic Policy Research (Great Britain)),$x0265-8003$vno. 11797$aPublic economics ;
=500  \\$a"Submitted 22 January 2017".
=504  \\$aIncludes bibliographical references (pages 29-32).
=504  \\$aOur model explains the observed gender-specific patterns of career and child care choices through endogenous social norms. We study how these norms interact with the gender wage gap. We show that via the social norm a couple's child care and career choices impose an externality on other couples, so that the laissez-faire is inefficient. We use our model to study the design and effectiveness of three commonly used policies. We find that child care subsidies and women quotas can be effective tools to mitigate or eliminate the externality. Parental leave, however, may even intensify the externality and decrease welfare.
=650  \0$aParental leave$xEconomic aspects$xEconometric models.
=650  \0$aChild care$xCosts$xEconomic aspects$xEconometric models.
=650  \0$aWage differentials$xEconometric models.
=690  7\$aManagement and Business Studies$2blcoll
=700  1\$aCremer, Helmuth,$eauthor.
=700  1\$aRoeder, Kerstin,$eauthor.
=710  2\$aCentre for Economic Policy Research (Great Britain),$eissuing body.
=830  \0$aDiscussion paper (Centre for Economic Policy Research (Great Britain)) ;$vno. 11797.
=852  41$aBritish Library$bHMNTS$jYK.2018.a.3971
=856  40$uhttp://www.cepr.org/active/publications/discussion_papers/dp.php?dpno=11797
=985  \\$aLDLSCP record - no ISBN match on import to BLL01
=CAT  \\$aBATCH-LDLN$b00$c20170410$lBLL01$h2119
=CAT  \\$aBATCH-UPD$b00$c20170410$lBLL01$h2119
=CAT  \\$aBATCH-016$c20180214$lBLL01$h2208
=CAT  \\$a11405$b40$c20180712$lBLL01$h1024
=CAT  \\$a9666$b40$c20210106$lBLL01$h2118
=CAT  \\$aBATCH-MBS$c20210115$lBLL01$h2140
=FIN  \\$aY$d20210106
=FMT  \\$a  BK
=LAS  \\$aBATCH-MBS$b00$c20210115$lBLL01$h2140

