=LDR  03002aam a2200565 i 4500
=001  018297280
=003  Uk
=005  20210115214026.0
=008  170224s2017\\\\enka\\\\\b\\\\000\0\eng\c
=015  \\$aGBB765848$2bnb
=016  7\$a018297280$2Uk
=020  \\$qpaperback
=035  \\$a(WlAbNL)99742843602419
=035  \\$a(StEdALDL)1/3545952
=035  \\$a(UkOxU)020787625
=040  \\$aStEdALDL$beng$cStEdALDL$dWlAbNL$dUk$erda
=042  \\$aukscp
=082  04$a381.17$223
=100  1\$aBergemann, Dirk,$eauthor.
=245  10$aOptimal auction design in a common value model /$cDirk Bergemann, Benjamin A. Brooks and Stephen Morris.
=264  \1$aLondon :$bCentre for Economic Policy Research,$c2017.
=300  \\$a34 pages :$billustrations (black and white) ;$c21 cm.
=336  \\$atext$btxt$2rdacontent
=336  \\$astill image$bsti$2rdacontent
=337  \\$aunmediated$bn$2rdamedia
=338  \\$avolume$bnc$2rdacarrier
=490  1\$aDiscussion paper (Centre for Economic Policy Research (Great Britain)),$x0265-8003$vno. 11783$aIndustrial organization ;
=500  \\$a"Submitted 14 January 2017".
=504  \\$aIncludes bibliographical references (page 31).
=520  \\$aWe study auction design when bidders have a pure common value equal to the maximum of their independent signals. In the revenue maximizing mechanism, each bidder makes a payment that is independent of his signal and the allocation discriminates in favor of bidders with lower signals. We provide a necessary and sufficient condition under which the optimal mechanism reduces to a posted price under which all bidders are equally likely to get the good. This model of pure common values can equivalently be interpreted as model of resale: the bidders have independent private values at the auction stage, and the winner of the auction can make a take-it-or-leave-it-offer in the secondary market under complete information.
=650  \0$aAuctions$xEconometric models.
=650  \0$aInformation theory in economics.
=690  7\$aManagement and Business Studies$2blcoll
=700  1\$aBrooks, Benjamin A.,$eauthor.
=700  1\$aMorris, Stephen$q(Stephen E.),$eauthor.
=710  2\$aCentre for Economic Policy Research (Great Britain),$eissuing body.
=830  \0$aDiscussion paper (Centre for Economic Policy Research (Great Britain)) ;$vno. 11783.
=852  41$aBritish Library$bHMNTS$jYK.2018.a.3886
=856  40$uhttp://www.cepr.org/active/publications/discussion_papers/dp.php?dpno=11783
=985  \\$aLDLSCP record - no ISBN match on import to BLL01
=CAT  \\$aBATCH-LDLN$b00$c20170410$lBLL01$h2119
=CAT  \\$aBATCH-UPD$b00$c20170410$lBLL01$h2119
=CAT  \\$aBATCH-016$c20180207$lBLL01$h2157
=CAT  \\$a10999$b40$c20180710$lBLL01$h0830
=CAT  \\$aBATCH-UPD$b40$c20200407$lBLL01$h2024
=CAT  \\$a9666$b40$c20210106$lBLL01$h2119
=CAT  \\$aBATCH-MBS$c20210115$lBLL01$h2140
=FIN  \\$aY$d20210106
=FMT  \\$a  BK
=LAS  \\$aBATCH-MBS$b00$c20210115$lBLL01$h2140

