=LDR  03360aam a2200589 i 4500
=001  018297282
=003  Uk
=005  20210115221835.0
=008  170223s2017\\\\enkab\\\\b\\\\000\0\eng\c
=015  \\$aGBB765850$2bnb
=016  7\$a018297282$2Uk
=020  \\$qpaperback
=035  \\$a(WlAbNL)99742843802419
=035  \\$a(StEdALDL)1/3544487
=035  \\$a(UkOxU)020787567
=040  \\$aStEdALDL$beng$cStEdALDL$dWlAbNL$dUk$erda
=042  \\$aukscp
=082  04$a305.513$223
=100  1\$aAlesina, Alberto,$eauthor.
=245  10$aIntergenerational mobility and preferences for redistribution /$cAlberto Alesina, Stefanie Stantcheva and Edoardo Teso.
=264  \1$aLondon :$bCentre for Economic Policy Research,$c2017.
=300  \\$a89 pages :$billustrations (black and white), maps (black and white) ;$c21 cm.
=336  \\$atext$btxt$2rdacontent
=336  \\$astill image$bsti$2rdacontent
=336  \\$acartographic image$bcri$2rdacontent
=337  \\$aunmediated$bn$2rdamedia
=338  \\$avolume$bnc$2rdacarrier
=490  1\$aDiscussion paper (Centre for Economic Policy Research (Great Britain)),$x0265-8003$vno. 11738$aPublic economics ;
=500  \\$a"Submitted 03 January 2017".
=504  \\$aIncludes bibliographical references (pages 32-35, 89).
=520  \\$aUsing newly collected cross-country survey and experimental data, we investigate how beliefs about intergenerational mobility affect preferences for redistribution in five countries: France, Italy, Sweden, U.K., and U.S.. Americans are more optimistic than Europeans about intergenerational mobility, and too optimistic relative to actual mobility. Our randomized treatment that shows respondents pessimistic information about mobility increases support for redistribution, mostly for equality of opportunity policies. A strong political polarization exists: Left-wing respondents are more pessimistic about intergenerational mobility, their preferences for redistribution are correlated with their mobility perceptions, and they respond to pessimistic information by increasing support for redistribution. None of these apply to right-wing respondents, possibly because of their extremely negative views of government.
=650  \0$aIntergenerational relations$xEconomic aspects.
=650  \0$aSocial mobility$xEconomic aspects.
=650  \0$aIncome distribution$xPublic opinion$xEconomic aspects.
=650  \0$aIncome tax$xSocial aspects$xEconomic aspects.
=690  7\$aSocial Welfare$2blcoll
=700  1\$aStantcheva, Stefanie,$eauthor.
=700  1\$aTeso, Edoardo,$eauthor.
=710  2\$aCentre for Economic Policy Research (Great Britain),$eissuing body.
=830  \0$aDiscussion paper (Centre for Economic Policy Research (Great Britain)) ;$vno. 11738.
=852  41$aBritish Library$bHMNTS$jYK.2018.a.3883
=856  40$uhttp://www.cepr.org/active/publications/discussion_papers/dp.php?dpno=11738
=985  \\$aLDLSCP record - no ISBN match on import to BLL01
=CAT  \\$aBATCH-LDLN$b00$c20170410$lBLL01$h2119
=CAT  \\$aBATCH-UPD$b00$c20170410$lBLL01$h2119
=CAT  \\$aBATCH-016$c20180207$lBLL01$h2157
=CAT  \\$a10999$b40$c20180710$lBLL01$h0827
=CAT  \\$a9666$b40$c20210106$lBLL01$h2121
=CAT  \\$aBATCH-SWP$c20210115$lBLL01$h2218
=FIN  \\$aY$d20210106
=FMT  \\$a  BK
=LAS  \\$aBATCH-SWP$b00$c20210115$lBLL01$h2218

