=LDR  02718aam a2200589 i 4500
=001  018349455
=003  Uk
=005  20210205221832.0
=008  170404s2017\\\\enka\\\\\b\\\\000\0\eng\c
=015  \\$aGBB785386$2bnb
=016  7\$a018349455$2Uk
=020  \\$qpaperback
=035  \\$a(WlAbNL)99748096702419
=035  \\$a(StEdALDL)1/3558876
=035  \\$a(UkOxU)020839907
=040  \\$aStEdALDL$beng$cStEdALDL$dWlAbNL$dUk$erda
=042  \\$aukscp
=082  04$a331.34137$223
=100  1\$aDe Fraja, Gianni,$eauthor.
=245  14$aThe wounds that do not heal :$bthe life-time scar of youth unemployment /$cGianni De Fraja, Sara Lemos and James Rockey.
=264  \1$aLondon :$bCentre for Economic Policy Research,$c2017.
=300  \\$a31, A10 pages :$billustrations (black and white) ;$c21 cm.
=336  \\$atext$btxt$2rdacontent
=336  \\$astill image$bsti$2rdacontent
=337  \\$aunmediated$bn$2rdamedia
=338  \\$avolume$bnc$2rdacarrier
=490  1\$aDiscussion paper (Centre for Economic Policy Research (Great Britain)),$x0265-8003$aLabour economics$aPublic economics ;$vDP11852
=500  \\$a"Submitted 15 February 2017".
=504  \\$aIncludes bibliographical references (pages 28-31).
=520  \\$aThis paper finds that unemployment shocks affect young workers for the rest of their lives. This scar of youth unemployment is concentrated in the first few years after entry in the labour market: one month of unemployment at age 18-20 cause a permanent income loss of 2%. However, unemployment after that age has no long term effect.
=650  \0$aYouth$xEmployment$xEconomic aspects.
=650  \0$aUnemployment$xEconomic aspects.
=650  \0$aLabor market$xEconomic aspects.
=690  7\$aManagement and Business Studies$2blcoll
=690  7\$aSocial Welfare$2blcoll
=700  1\$aLemos, Sara,$eauthor.
=700  1\$aRockey, James,$eauthor.
=710  2\$aCentre for Economic Policy Research (Great Britain),$eissuing body.
=830  \0$aDiscussion paper (Centre for Economic Policy Research (Great Britain)) ;$vno. 11852.
=852  41$aBritish Library$bHMNTS$jYK.2018.a.4294
=856  40$uhttp://www.cepr.org/active/publications/discussion_papers/dp.php?dpno=11852
=985  \\$aLDLSCP record - no ISBN match on import to BLL01
=CAT  \\$aBATCH-LDLN$b00$c20170522$lBLL01$h2123
=CAT  \\$aBATCH-UPD$b00$c20170522$lBLL01$h2123
=CAT  \\$aBATCH-016$c20180411$lBLL01$h2146
=CAT  \\$a10999$b40$c20180724$lBLL01$h0749
=CAT  \\$a5751$b40$c20210128$lBLL01$h1637
=CAT  \\$aBATCH-MBS$c20210205$lBLL01$h2137
=CAT  \\$aBATCH-SWP$c20210205$lBLL01$h2218
=FIN  \\$aY$d20210128
=FMT  \\$a  BK
=LAS  \\$aBATCH-SWP$b00$c20210205$lBLL01$h2218

