=LDR  03554aam a2200589 i 4500
=001  018349456
=003  Uk
=005  20210205221832.0
=008  170404s2017\\\\enka\\\\\b\\\\000\0\eng\c
=015  \\$aGBB785387$2bnb
=016  7\$a018349456$2Uk
=020  \\$qpaperback
=035  \\$a(WlAbNL)99748096802419
=035  \\$a(StEdALDL)1/3558871
=035  \\$a(UkOxU)020839902
=040  \\$aStEdALDL$beng$cStEdALDL$dWlAbNL$dUk$erda
=042  \\$aukscp
=082  04$a368.4200973$223
=100  1\$aBorella, Margherita,$eauthor.
=245  10$aWho receives Medicaid in old age? :$brules and reality /$cMargherita Borella, Mariacristina De Nardi and Eric Baird French.
=264  \1$aLondon :$bCentre for Economic Policy Research,$c2017.
=300  \\$a37 pages :$billustrations (black and white) ;$c21 cm.
=336  \\$atext$btxt$2rdacontent
=336  \\$astill image$bsti$2rdacontent
=337  \\$aunmediated$bn$2rdamedia
=338  \\$avolume$bnc$2rdacarrier
=490  1\$aDiscussion paper (Centre for Economic Policy Research (Great Britain)),$x0265-8003$aPublic economics ;$vDP11847
=500  \\$a"Submitted 13 February 2017".
=504  \\$aIncludes bibliographical references (pages 25-28).
=520  \\$aMedicaid is a government program that provides health insurance to the old who are sick and have little assets and income compared to their medical needs. Thus, it explicitly tests for income, assets, and health or medical needs to determine eligibility. We ask how these rules map into the reality of Medicaid recipiency and what observable characteristics are important to determine who ends up on Medicaid. The data show that both singles and couples with high retirement income can end up on Medicaid at very advanced ages. We find that, conditioning on a large number of observable characteristics, including those that directly relate to Medicaid eligibility criteria, single women are more likely to end up on Medicaid. So are non-whites, but, surprisingly, their higher recipiency is concentrated above the lower income percentiles. We also find that low-income people with a high school diploma or higher are much less likely to end up on Medicaid than their more educated counterparts. All of these effects are large and depend on retirement income in a very non-linear way.
=650  \0$aMedicaid beneficiaries$xEconometric models.
=650  \0$aOlder people$xMedical care$zUnited States$xEconometric models.
=650  \0$aOlder people$zUnited States$xEconomic conditions$xEconometric models.
=690  7\$aManagement and Business Studies$2blcoll
=690  7\$aSocial Welfare$2blcoll
=700  1\$aDe Nardi, Mariacristina,$eauthor.
=700  1\$aFrench, Eric$q(Eric Baird),$eauthor.
=710  2\$aCentre for Economic Policy Research (Great Britain),$eissuing body.
=830  \0$aDiscussion paper (Centre for Economic Policy Research (Great Britain)) ;$vno. 11847.
=852  41$aBritish Library$bHMNTS$jYK.2018.a.4307
=856  40$uhttp://www.cepr.org/active/publications/discussion_papers/dp.php?dpno=11847
=985  \\$aLDLSCP record - no ISBN match on import to BLL01
=CAT  \\$aBATCH-LDLN$b00$c20170522$lBLL01$h2123
=CAT  \\$aBATCH-UPD$b00$c20170522$lBLL01$h2123
=CAT  \\$aBATCH-016$c20180411$lBLL01$h2146
=CAT  \\$a10999$b40$c20180724$lBLL01$h0803
=CAT  \\$a5751$b40$c20210128$lBLL01$h1640
=CAT  \\$aBATCH-MBS$c20210205$lBLL01$h2137
=CAT  \\$aBATCH-SWP$c20210205$lBLL01$h2218
=FIN  \\$aY$d20210128
=FMT  \\$a  BK
=LAS  \\$aBATCH-SWP$b00$c20210205$lBLL01$h2218

