=LDR  02339aam a2200553 i 4500
=001  018349457
=003  Uk
=005  20210205213747.0
=008  170404s2017\\\\enka\\\\\b\\\\000\0\eng\c
=015  \\$aGBB785388$2bnb
=016  7\$a018349457$2Uk
=020  \\$qpaperback
=035  \\$a(WlAbNL)99748097202419
=035  \\$a(StEdALDL)1/3558886
=035  \\$a(UkOxU)020839915
=040  \\$aStEdALDL$beng$cStEdALDL$dWlAbNL$dUk$erda
=042  \\$aukscp
=082  04$a338.95694$223
=100  1\$aRazin, Assaf,$eauthor.
=245  10$aIsrael globalized :$bhigh tech, productivity and FDI /$cAssaf Razin.
=264  \1$aLondon :$bCentre for Economic Policy Research,$c2017.
=300  \\$a24 unnumbered pages :$billustrations (black and white) ;$c21 cm.
=336  \\$atext$btxt$2rdacontent
=336  \\$astill image$bsti$2rdacontent
=337  \\$aunmediated$bn$2rdamedia
=338  \\$avolume$bnc$2rdacarrier
=490  1\$aDiscussion paper (Centre for Economic Policy Research (Great Britain)),$x0265-8003$aInternational macroeconomics and finance ;$vDP11882
=500  \\$a"Submitted 27 February 2017".
=504  \\$aIncludes bibliographical references (unnumbered pages 23-24).
=520  \\$aThe paper reviews the role of globalization forces behind Israel's transformation from low tech to high tech economy.
=650  \0$aEconomic development$zIsrael.
=650  \0$aIndustrial productivity$zIsrael.
=650  \0$aInvestments, Foreign$zIsrael.
=651  \0$aIsrael$xEconomic conditions.
=690  7\$aManagement and Business Studies$2blcoll
=710  2\$aCentre for Economic Policy Research (Great Britain),$eissuing body.
=830  \0$aDiscussion paper (Centre for Economic Policy Research (Great Britain)) ;$vno. 11882.
=852  41$aBritish Library$bHMNTS$jYK.2018.a.4278
=856  40$uhttp://www.cepr.org/active/publications/discussion_papers/dp.php?dpno=11882
=985  \\$aLDLSCP record - no ISBN match on import to BLL01
=CAT  \\$aBATCH-LDLN$b00$c20170522$lBLL01$h2123
=CAT  \\$aBATCH-UPD$b00$c20170522$lBLL01$h2123
=CAT  \\$aBATCH-016$c20180411$lBLL01$h2146
=CAT  \\$a10999$b40$c20180723$lBLL01$h1433
=CAT  \\$a5751$b40$c20210128$lBLL01$h1652
=CAT  \\$aBATCH-MBS$c20210205$lBLL01$h2137
=FIN  \\$aY$d20210128
=FMT  \\$a  BK
=LAS  \\$aBATCH-MBS$b00$c20210205$lBLL01$h2137

