=LDR  02906aam a2200589 i 4500
=001  018364696
=003  Uk
=005  20210212214710.0
=008  170404s2017\\\\enka\\\\\b\\\\000\0\eng\c
=015  \\$aGBB790467$2bnb
=016  7\$a018364696$2Uk
=020  \\$qpaperback
=035  \\$a(WlAbNL)99748096402419
=035  \\$a(StEdALDL)1/3558858
=035  \\$a(UkOxU)020839890
=040  \\$aStEdALDL$beng$cStEdALDL$dWlAbNL$dUk$erda
=042  \\$aukscp
=082  04$a382.730941$223
=100  1\$aDe Bromhead, Alan,$eauthor.
=245  10$aWhen Britain turned inward :$bprotection and the shift towards empire in interwar Britain /$cAlan de Bromhead, Alan Fernihough, Markus Lampe and Kevin Hjortshøj O'Rourke.
=264  \1$aLondon :$bCentre for Economic Policy Research,$c2017.
=300  \\$a60 pages :$billustrations (black and white) ;$c21 cm.
=336  \\$atext$btxt$2rdacontent
=336  \\$astill image$2rdacontent
=337  \\$aunmediated$bn$2rdamedia
=338  \\$avolume$bnc$2rdacarrier
=490  1\$aDiscussion paper (Centre for Economic Policy Research (Great Britain)),$x0265-8003$vDP11835$aEconomic history$aInternational trade and regional economics ;
=500  \\$a"Submitted 06 February 2017".
=504  \\$aIncludes bibliographical references (pages 35-41).
=520  \\$aInternational trade became much less multilateral during the 1930s. Previous studies, looking at aggregate trade flows, have argued that discriminatory trade policies had comparatively little to do with this. Using highly disaggregated information on the UK's imports and trade policies, we find that policy can explain the majority of Britain's shift towards Imperial imports in the 1930s. Trade policy mattered, a lot.
=650  \0$aProtectionism$zGreat Britain$xHistory.
=650  \0$aInternational trade$xHistory.
=651  \0$aGreat Britain$xCommercial policy$xHistory.
=651  \0$aGreat Britain$xColonies$xCommerce$xHistory.
=690  7\$aManagement and Business Studies$2blcoll
=700  1\$aFernihough, Alan,$eauthor.
=700  1\$aLampe, Markus,$eauthor.
=700  1\$aO'Rourke, Kevin H.,$eauthor.
=710  2\$aCentre for Economic Policy Research (Great Britain),$eissuing body.
=830  \0$aDiscussion paper (Centre for Economic Policy Research (Great Britain)) ;$vno. 11835.
=852  41$aBritish Library$bHMNTS$jYK.2018.a.4287
=856  40$uhttp://www.cepr.org/active/publications/discussion_papers/dp.php?dpno=11835
=985  \\$aLDLSCP record - no ISBN match on import to BLL01
=CAT  \\$aBATCH-LDLN$b00$c20170605$lBLL01$h2127
=CAT  \\$aBATCH-UPD$b00$c20170605$lBLL01$h2127
=CAT  \\$aBATCH-016$c20180411$lBLL01$h2146
=CAT  \\$a10999$b40$c20180724$lBLL01$h0739
=CAT  \\$a9666$b40$c20210204$lBLL01$h1149
=CAT  \\$aBATCH-MBS$c20210212$lBLL01$h2147
=FIN  \\$aY$d20210204
=FMT  \\$a  BK
=LAS  \\$aBATCH-MBS$b00$c20210212$lBLL01$h2147

