=LDR  03384aam a2200589 i 4500
=001  018364697
=003  Uk
=005  20210212214710.0
=008  170404s2017\\\\enka\\\\\b\\\\000\0\eng\c
=015  \\$aGBB790468$2bnb
=016  7\$a018364697$2Uk
=020  \\$qpaperback
=035  \\$a(WlAbNL)99748096602419
=035  \\$a(StEdALDL)1/3558854
=035  \\$a(UkOxU)020839886
=040  \\$aStEdALDL$beng$cStEdALDL$dWlAbNL$dUk$erda
=042  \\$aukscp
=082  04$a332.0415$223
=100  1\$aHorst, Jenke ter,$eauthor.
=245  14$aThe world we live in :$blocal or global? /$cJenke ter Horst, Kees Koedijk, Ronald J. Mahieu and Joris van Toor.
=264  \1$aLondon :$bCentre for Economic Policy Research,$c2017.
=300  \\$a31 unnumbered pages :$billustrations (black and white) ;$c21 cm.
=336  \\$atext$btxt$2rdacontent
=336  \\$astill image$bsti$2rdacontent
=337  \\$aunmediated$bn$2rdamedia
=338  \\$avolume$bnc$2rdacarrier
=490  1\$aDiscussion paper (Centre for Economic Policy Research (Great Britain)),$x0265-8003$vDP11831$aFinancial economics ;
=500  \\$a"Submitted 06 February 2017".
=500  \\$aAuthors listed on HTML page as: "Kees Koedijk, Ronald J. Mahieu, Jenke ter Horst, Joris van Toor".
=504  \\$aIncludes bibliographical references (unnumbered pages 28-31).
=520  \\$aIn this paper, we document economically and statistically large differences in the cost of equity by comparing an international CAPM to a domestic CAPM. We consider fifteen countries over a nearly twenty-year period (1996 -2015). While the application of the international version of the CAPM in cases where an international market index is used as a pricing factor would seem justified by increased capital market integration, the empirical evidence on this has been inconclusive to date. We found that the average difference in the cost of equity between the models was equal to 0.77%, which represents about 20% of the historical risk premium. Moreover, for almost 20% of the companies, this difference in cost of equity is also statistically significant. For these companies the difference in cost of equity is equal to 1.49%. We therefore conclude that the ICAPM is increasingly becoming the relevant model for cost of equity calculations.
=650  \0$aCapital assets pricing model.
=650  \0$aCapital costs$xEconomic aspects.
=650  \0$aInternational finance.
=690  7\$aManagement and Business Studies$2blcoll
=700  1\$aKoedijk, Kees,$eauthor.
=700  1\$aMahieu, Ronald,$d1968-$eauthor.
=700  1\$aToor, Joris van,$eauthor.
=710  2\$aCentre for Economic Policy Research (Great Britain),$eissuing body.
=830  \0$aDiscussion paper (Centre for Economic Policy Research (Great Britain)) ;$vno. 11831.
=852  41$aBritish Library$bHMNTS$jYK.2018.a.4286
=856  40$uhttp://www.cepr.org/active/publications/discussion_papers/dp.php?dpno=11831
=985  \\$aLDLSCP record - no ISBN match on import to BLL01
=CAT  \\$aBATCH-LDLN$b00$c20170605$lBLL01$h2127
=CAT  \\$aBATCH-UPD$b00$c20170605$lBLL01$h2127
=CAT  \\$aBATCH-016$c20180411$lBLL01$h2146
=CAT  \\$a10999$b40$c20180724$lBLL01$h0733
=CAT  \\$a9666$b40$c20210204$lBLL01$h1150
=CAT  \\$aBATCH-MBS$c20210212$lBLL01$h2147
=FIN  \\$aY$d20210204
=FMT  \\$a  BK
=LAS  \\$aBATCH-MBS$b00$c20210212$lBLL01$h2147

