=LDR  04132aam a2200601 i 4500
=001  018364698
=003  Uk
=005  20210212222743.0
=008  170404s2017\\\\enka\\\\\b\\\\000\0\eng\c
=015  \\$aGBB790469$2bnb
=016  7\$a018364698$2Uk
=020  \\$qpaperback
=035  \\$a(WlAbNL)99748096902419
=035  \\$a(StEdALDL)1/3558881
=035  \\$a(UkOxU)020839911
=040  \\$aStEdALDL$beng$cStEdALDL$dWlAbNL$dUk$erda
=042  \\$aukscp
=082  04$a331.5610973$223
=100  1\$aAutor, David H.,$eauthor.
=245  10$aWhen work disappears :$bmanufacturing decline and the falling marriage-market value of men /$cDavid Auto, David Dorn and Gordon Hanson.
=264  \1$aLondon :$bCentre for Economic Policy Research,$c2017.
=300  \\$a55 pages :$billustrations (black and white) ;$c21 cm.
=336  \\$atext$2rdacontent
=337  \\$aunmediated$2rdamedia
=338  \\$avolume$2rdacarrier
=490  1\$aDiscussion paper (Centre for Economic Policy Research (Great Britain)),$x0265-8003$vDP11878$aLabour economics$aInternational trade and regional economics ;
=500  \\$a"Submitted 25 February 2017".
=504  \\$aIncludes bibliographical references (pages 45-48).
=520  \\$aThe structure of marriage and child-rearing in U.S. households has undergone two marked shifts in the last three decades: a steep decline in the prevalence of marriage among young adults, and a sharp rise in the fraction of children born to unmarried mothers or living in single-headed households. A potential contributor to both phenomena is the declining labor-market opportunities faced by males, which make them less valuable as marital partners. We exploit large scale, plausibly exogenous labor-demand shocks stemming from rising international manufacturing competition to test how shifts in the supply of young "marriageable" males affect marriage, fertility and children's living circumstances. Trade shocks to manufacturing industries have particularly negative impacts on the labor market prospects of men and degrade their marriage-market value along multiple dimensions: diminishing their relative earnings - particularly at the lower segment of the distribution - reducing their physical availability in trade-impacted labor markets, and increasing their participation in risky and damaging behaviors. As predicted by a simple model of marital decision-making under uncertainty, we document that adverse shocks to the supply of "marriageable" men reduce the prevalence of marriage and lower fertility but raise the fraction of children born to young and unwed mothers and living in in poor single-parent households. The falling marriage-market value of young men appears to be a quantitatively important contributor to the rising rate of out-of-wedlock childbearing and single-headed childrearing in the United States
=650  \0$aLabor market$zUnited States.
=650  \0$aMen$xEmployment$zUnited States.
=650  \0$aMarriage$xEconomic aspects$zUnited States.
=650  \0$aFamilies$xEconomic aspects$zUnited States.
=690  7\$aManagement and Business Studies$2blcoll
=690  7\$aSocial Welfare$2blcoll
=700  1\$aDorn, David,$d1979-$eauthor.
=700  1\$aHanson, Gordon H.$q(Gordon Howard),$eauthor.
=710  2\$aCentre for Economic Policy Research (Great Britain),$eissuing body.
=830  \0$aDiscussion paper (Centre for Economic Policy Research (Great Britain)) ;$vno. 11878.
=852  41$aBritish Library$bHMNTS$jYK.2018.a.4274
=856  40$uhttp://www.cepr.org/active/publications/discussion_papers/dp.php?dpno=11878
=985  \\$aLDLSCP record - no ISBN match on import to BLL01
=CAT  \\$aBATCH-LDLN$b00$c20170605$lBLL01$h2127
=CAT  \\$aBATCH-UPD$b00$c20170605$lBLL01$h2127
=CAT  \\$aBATCH-016$c20180411$lBLL01$h2146
=CAT  \\$a10999$b40$c20180723$lBLL01$h1428
=CAT  \\$a9666$b40$c20210204$lBLL01$h1154
=CAT  \\$a9666$b40$c20210204$lBLL01$h1156
=CAT  \\$aBATCH-MBS$c20210212$lBLL01$h2147
=CAT  \\$aBATCH-SWP$c20210212$lBLL01$h2227
=FIN  \\$aY$d20210204
=FMT  \\$a  BK
=LAS  \\$aBATCH-SWP$b00$c20210212$lBLL01$h2227

