=LDR  03126aam a2200601 i 4500
=001  018364699
=003  Uk
=005  20210212214710.0
=008  170404s2017\\\\enka\\\\\b\\\\000\0\eng\c
=015  \\$aGBB790470$2bnb
=016  7\$a018364699$2Uk
=020  \\$qpaperback
=035  \\$a(WlAbNL)99748097102419
=035  \\$a(StEdALDL)1/3558862
=035  \\$a(UkOxU)020839894
=040  \\$aStEdALDL$beng$cStEdALDL$dWlAbNL$dUk$erda
=042  \\$aukscp
=082  04$a332.7$223
=100  1\$aBaskaya, Soner,$eauthor.
=245  10$aInternational spillovers and local credit cycles /$cYusuf Soner Baskaya, Julian di Giovanni, Sebnem Kalemli-Ozcan and Mehmet Fatih Ulu.
=264  \1$aLondon :$bCentre for Economic Policy Research,$c2017.
=300  \\$a63 pages :$billustrations (black and white) ;$c21 cm.
=336  \\$atext$btxt$2rdacontent
=336  \\$astill image$bsti$2rdacontent
=337  \\$aunmediated$bn$2rdamedia
=338  \\$avolume$bnc$2rdacarrier
=490  1\$aDiscussion paper (Centre for Economic Policy Research (Great Britain)),$x0265-8003$vDP11839$aInternational macroeconomics and finance$aMonetary economics and fluctuations ;
=500  \\$a"Submitted 07 February 2017".
=504  \\$aIncludes bibliographical references (pages 36-40).
=520  \\$aWe show that capital inflows are important drivers of domestic credit cycles using a firm-bank-loan level dataset for a representative emerging market. Instrumenting inflows by changes in global risk appetite (VIX), we find that a fall in VIX leads to a large decline in real borrowing rates and an expansion in credit supply. Estimates explain 40% of observed cyclical corporate credit growth. The OLS-elasticity of interest rates vis-à-vis capital inflows is smaller than the IV-elasticity. Banks with higher noncore funding offer relatively lower rates to low net worth firms, but do not extend more credit to them given collateral constraints.
=650  \0$aCredit$xEconomic aspects.
=650  \0$aBank loans$xEconomic aspects.
=650  \0$aCapital movements$xEconomic aspects.
=650  \0$aFinancial risk management.
=650  \0$aInternational finance.
=690  7\$aManagement and Business Studies$2blcoll
=700  1\$aDi Giovanni, Julian,$eauthor.
=700  1\$aKalemli-Ozcan, Sebnem,$eauthor.
=700  1\$aUlu, Mehmet Fatih,$eauthor.
=710  2\$aCentre for Economic Policy Research (Great Britain),$eissuing body.
=830  \0$aDiscussion paper (Centre for Economic Policy Research (Great Britain)) ;$vno. 11839.
=852  41$aBritish Library$bHMNTS$jYK.2018.a.4289
=856  40$uhttp://www.cepr.org/active/publications/discussion_papers/dp.php?dpno=11839
=985  \\$aLDLSCP record - no ISBN match on import to BLL01
=CAT  \\$aBATCH-LDLN$b00$c20170605$lBLL01$h2127
=CAT  \\$aBATCH-UPD$b00$c20170605$lBLL01$h2127
=CAT  \\$aBATCH-016$c20180411$lBLL01$h2146
=CAT  \\$a10999$b40$c20180724$lBLL01$h0741
=CAT  \\$a9666$b40$c20210204$lBLL01$h1157
=CAT  \\$aBATCH-MBS$c20210212$lBLL01$h2147
=FIN  \\$aY$d20210204
=FMT  \\$a  BK
=LAS  \\$aBATCH-MBS$b00$c20210212$lBLL01$h2147

