=LDR  03304cam a2200577 i 4500
=001  018364700
=003  Uk
=005  20210212214710.0
=008  170404s2017\\\\enka\\\\\b\\\\000\0\eng\c
=015  \\$aGBB790471$2bnb
=016  7\$a018364700$2Uk
=020  \\$qpaperback
=035  \\$a(WlAbNL)99748097302419
=035  \\$a(StEdALDL)1/3558906
=035  \\$a(UkOxU)020839933
=040  \\$aStEdALDL$beng$cStEdALDL$dWlAbNL$dUk$erda
=042  \\$aukscp
=082  04$a338.52$223
=100  1\$aFontagné, Lionel,$eauthor.
=245  14$aThe international elasticity puzzle is worse than you think /$cLionel Fontagne, Philippe Martin and Gianluca Orefice.
=264  \1$aLondon :$bCentre for Economic Policy Research,$c2017.
=300  \\$a42 pages :$billustrations (black and white) ;$c21 cm.
=336  \\$atext$btxt$2rdacontent
=336  \\$astill image$bsti$2rdacontent
=337  \\$aunmediated$bn$2rdamedia
=338  \\$avolume$bnc$2rdacarrier
=490  1\$aDiscussion paper (Centre for Economic Policy Research (Great Britain)),$x0265-8003$vDP11855$aInternational trade and regional economics$aInternational macroeconomics and finance ;
=500  \\$a"Submitted 15 February 2017".
=504  \\$aIncludes bibliographical references (pages 27-28).
=520  \\$aWe estimate three international price elasticities using exporters data: the elasticity of firm exports to export price, tariff and real exchange rate shocks. In standard trade and international macroeconomics models these three elasticities should be equal. We find that this is far from being the case. We use French firm level electricity costs to instrument for export prices and provide a first estimate of the elasticity of firm-level exports to export prices. The elasticity of exports is highest, around 5, for export prices followed by tariffs, around 2, and is lowest for the real exchange rate, around 0.6. The large discrepancy between these elasticities makes us conclude that the international elasticity puzzle is actually worse than previously thought. Moreover, we show that because exporters absorb part of tariffs and exchange rate movements, estimates of export elasticities that do not take into account export prices are biased.
=650  \0$aElasticity (Economics)
=650  \0$aInternational trade.
=650  \0$aExports.
=690  7\$aManagement and Business Studies$2blcoll
=700  1\$aMartin, Philippe J.,$eauthor.
=700  1\$aOrefice, Gianluca,$eauthor.
=710  2\$aCentre for Economic Policy Research (Great Britain),$eissuing body.
=830  \0$aDiscussion paper (Centre for Economic Policy Research (Great Britain)) ;$vno. 11855.
=852  41$aBritish Library$bHMNTS$jYK.2018.a.4296
=856  \\$uhttp://www.cepr.org/active/publications/discussion_papers/dp.php?dpno=11855
=985  \\$aLDLSCP record - no ISBN match on import to BLL01
=CAT  \\$aBATCH-LDLN$b00$c20170605$lBLL01$h2127
=CAT  \\$aBATCH-UPD$b00$c20170605$lBLL01$h2127
=CAT  \\$aBATCH-016$c20180411$lBLL01$h2146
=CAT  \\$a10999$b40$c20180724$lBLL01$h0752
=CAT  \\$a9666$b40$c20210204$lBLL01$h1158
=CAT  \\$aBATCH-MBS$c20210212$lBLL01$h2147
=CAT  \\$aBATCH-UPD$b00$c20230724$lBLL01$h0023
=FIN  \\$aY$d20210204
=FMT  \\$a  BK
=LAS  \\$aBATCH-UPD$b00$c20230724$lBLL01$h0023

