=LDR  03303aam a2200529 i 4500
=001  018364701
=003  Uk
=005  20210204120317.0
=008  170404s2017\\\\enka\\\\\b\\\\000\0\eng\c
=015  \\$aGBB790472$2bnb
=016  7\$a018364701$2Uk
=020  \\$qpaperback
=035  \\$a(WlAbNL)99748098202419
=035  \\$a(StEdALDL)1/3558904
=035  \\$a(UkOxU)020839931
=040  \\$aStEdALDL$beng$cStEdALDL$dWlAbNL$dUk$erda
=042  \\$aukscp
=082  04$a333.8232$223
=100  1\$aBaumeister, Christiane,$d1978-$eauthor.
=245  10$aIs the discretionary income effect of oil price shocks a hoax? /$cChristiane Baumeister, Lutz Kilian and Xiaoqing Zhou.
=264  \1$aLondon :$bCentre for Economic Policy Research,$c2017.
=300  \\$a36 pages :$billustrations (black and white) ;$c21 cm.
=336  \\$atext$btxt$2rdacontent
=336  \\$astill image$bsti$2rdacontent
=337  \\$aunmediated$bn$2rdamedia
=338  \\$avolume$bnc$2rdacarrier
=490  1\$aDiscussion paper (Centre for Economic Policy Research (Great Britain)),$x0265-8003$vDP11868$aInternational macroeconomics and finance ;
=500  \\$a"Submitted 21 February 2017".
=504  \\$aIncludes bibliographical references (pages 31-33).
=520  \\$aThe transmission of oil price shocks has been a question of central interest in macroeconomics since the 1970s. There has been renewed interest in this question after the large and persistent fall in the real price of oil in 2014-16. In the context of this debate, Ramey (2017) makes the striking claim that the existing literature on the transmission of oil price shocks is fundamentally confused about the question of how to quantify the effect of oil price shocks. In particular, she asserts that the discretionary income effect on private consumption, which plays a central role in contemporary accounts of the transmission of oil price shocks to the U.S. economy, makes no economic sense and has no economic foundation. Ramey suggests that the literature has too often confused the terms-of-trade effect with this discretionary income effect, and she makes the case that the effects of the oil price decline of 2014-16 on private consumption are smaller for a multitude of reasons than suggested by empirical models of the discretionary income effect. We review the main arguments in Ramey (2017) and show that none of her claims hold up to scrutiny.
=650  \0$aPetroleum products$xPrices.
=650  \0$aPetroleum industry and trade.
=700  1\$aKilian, Lutz,$eauthor.
=700  1\$aZhou, Xiaoqing,$d1985-$eauthor.
=710  2\$aCentre for Economic Policy Research (Great Britain),$eissuing body.
=830  \0$aDiscussion paper (Centre for Economic Policy Research (Great Britain)) ;$vno. 11868.
=852  41$aBritish Library$bHMNTS$jYK.2018.a.4265
=856  40$uhttp://www.cepr.org/active/publications/discussion_papers/dp.php?dpno=11868
=985  \\$aLDLSCP record - no ISBN match on import to BLL01
=CAT  \\$aBATCH-LDLN$b00$c20170605$lBLL01$h2127
=CAT  \\$aBATCH-UPD$b00$c20170605$lBLL01$h2127
=CAT  \\$aBATCH-016$c20180411$lBLL01$h2146
=CAT  \\$a10999$b40$c20180723$lBLL01$h1413
=CAT  \\$a9666$b40$c20210204$lBLL01$h1203
=FIN  \\$aY$d20210204
=FMT  \\$a  BK
=LAS  \\$a9666$b40$c20210204$lBLL01$h1203

