=LDR  03578 am a2200505 i 4500
=001  018383505
=003  Uk
=005  20180815090442.0
=008  170426s2017\\\\enka\\\\\b\\\\000\0\eng\c
=015  \\$aGBB7A1768$2bnb
=016  7\$a018383505$2Uk
=020  \\$qpaperback
=035  \\$a(WlAbNL)99749637102419
=035  \\$a(StEdALDL)1/3567549
=035  \\$a(UkOxU)020854799
=040  \\$aStEdALDL$beng$cStEdALDL$dWlAbNL$erda
=042  \\$aukscp
=100  1\$aKanbur, S. M. Ravi,$d1954-$eauthor.
=245  10$aInequality indices as tests of fairness /$cRavi Kanbur and Andy Snell.
=264  \1$aLondon :$bCentre for Economic Policy Research,$c2017.
=300  \\$a19 pages :$billustrations (black and white) ;$c21 cm.
=336  \\$atext$btxt$2rdacontent
=336  \\$astill image$bsti$2rdacontent
=337  \\$aunmediated$bn$2rdamedia
=338  \\$avolume$bnc$2rdacarrier
=490  1\$aDiscussion paper (Centre for Economic Policy Research (Great Britain)),$x0265-8003$aPublic economics ;$vDP11930
=500  \\$a"Submitted 23 March 2017".
=504  \\$aIncludes bibliographical references (page 19).
=520  \\$aStandard income inequality indices can be interpreted as a measure of welfare loss entailed in departures from equality of outcomes, for egalitarian social welfare functions defined on the distribution of outcomes. But such a welfare interpretation has been criticized for a long time on the grounds that these indices are snap shot outcomes-based measures which do not take into account the process generating the observed distribution. Rather than focusing on outcomes, it is argued, we should be interested in whether the underlying process is "fair". Following this line of argument, this paper develops statistical tests for fairness within well define income distribution generating processes and a well specified notion of fairness. We find that the likelihood ratio (LR) test for fairness versus unfairness within two such processes are proportional to Theil's first and second inequality indices respectively. The LR values may either be used as a test statistic or to approximate a Bayes factor that measures the posterior probabilities of the fair version of the processes over that of the unfair. The answer to the process versus outcomes critique is thus not to stop calculating inequality measures, but to interpret their values differently - to compare them to critical values for a test of the null hypothesis of fairness, or to use them directly as a measure of the chance that the process was fair relative to the chance it was unfair. We also apply this perspective to measurement of "inequality of opportunity".
=650  \0$aIncome distribution$xEconomic aspects$xEconometric models.
=650  \0$aEquality$xEconomic aspects$xEconometric models.
=650  \0$aWelfare economics$xEconometric models.
=700  1\$aSnell, Andy,$eauthor.
=710  2\$aCentre for Economic Policy Research (Great Britain),$eissuing body.
=830  \0$aDiscussion paper (Centre for Economic Policy Research (Great Britain)) ;$vno. 11930.
=852  41$aBritish Library$bHMNTS$jYK.2018.a.4673
=856  40$uhttp://www.cepr.org/active/publications/discussion_papers/dp.php?dpno=11930
=985  \\$aAwaiting NetCat DDC
=985  \\$aLDLSCP record - no ISBN match on import to BLL01
=CAT  \\$aBATCH-LDLN$b00$c20170619$lBLL01$h2133
=CAT  \\$aBATCH-UPD$b00$c20170619$lBLL01$h2134
=CAT  \\$aBATCH-016$c20180425$lBLL01$h2153
=CAT  \\$a10999$b40$c20180815$lBLL01$h0904
=FMT  \\$a  BK
=LAS  \\$a10999$b40$c20180815$lBLL01$h0904

