=LDR  03362 am a2200493 i 4500
=001  018383506
=003  Uk
=005  20180815075946.0
=008  170426s2017\\\\enka\\\\\\\b\\000\0\eng\c
=015  \\$aGBB7A1769$2bnb
=016  7\$a018383506$2Uk
=020  \\$qpaperback
=035  \\$a(WlAbNL)99749637302419
=035  \\$a(StEdALDL)1/3567532
=035  \\$a(UkOxU)020854796
=040  \\$aStEdALDL$beng$cStEdALDL$dWlAbNL$erda
=042  \\$aukscp
=100  1\$aBeyer, Robert C. M.,$eauthor.
=245  10$aInstability, imprecision and inconsistent use of equilibrium real interest rate estimates /$cRobert Beyer and Volker Wieland.
=264  \1$aLondon :$bCentre for Economic Policy Research,$c2017.
=300  \\$a26 pages :$billustrations (black and white) ;$c21 cm.
=336  \\$atext$btxt$2rdacontent
=336  \\$astill image$bsti$2rdacontent
=337  \\$aunmediated$bn$2rdamedia
=338  \\$avolume$bnc$2rdacarrier
=490  1\$aDiscussion paper (Centre for Economic Policy Research (Great Britain)),$x0265-8003$aMonetary economics and fluctuations ;$vDP11927
=500  \\$a"Submitted 20 March 2017".
=504  \\$aIncludes bibliographical references (pages 23-25).
=520  \\$aThe current debate on monetary and fiscal policy is heavily influenced by estimates of the equilibrium real interest rate. In particular, this concerns estimates derived from a simple aggregate demand and Phillips curve model with time-varying components as proposed by Laubach and Williams (2003). For example, Summers (2014a) refers to these estimates as important evidence for a secular stagnation and the need for fiscal stimulus. Yellen (2015, 2017) has made use of such estimates in order to explain and justify why the Federal Reserve has held interest rates so low for so long. First, we re-estimate the U.S. equilibrium rate with the methodology of Laubach and Williams (2003). Then, we build on their approach and the modifications proposed in Mésonnier and Renne (2007) and Garnier and Wilhelmsen (2009) to provide new estimates for the United States, the euro area and Germany. Third, we subject these estimates to a battery of sensitivity tests. Due to the great uncertainty and sensitivity that accompany these equilibrium rate estimates, the observed decline in the estimates is not a reliable indicator of a need for expansionary monetary and fiscal policy. Yet, if these estimates are employed to determine the appropriate monetary policy stance, such estimates are better used together with the consistent estimate of the level of potential output.
=650  \0$aMonetary policy.
=650  \0$aInterest rates.
=700  1\$aWieland, Volker,$eauthor.
=710  2\$aCentre for Economic Policy Research (Great Britain),$eissuing body.
=830  \0$aDiscussion paper (Centre for Economic Policy Research (Great Britain)) ;$vno. 11927.
=852  41$aBritish Library$bHMNTS$jYK.2018.a.4639
=856  40$uhttp://www.cepr.org/active/publications/discussion_papers/dp.php?dpno=11927
=985  \\$aAwaiting NetCat DDC
=985  \\$aLDLSCP record - no ISBN match on import to BLL01
=CAT  \\$aBATCH-LDLN$b00$c20170619$lBLL01$h2133
=CAT  \\$aBATCH-UPD$b00$c20170619$lBLL01$h2134
=CAT  \\$aBATCH-016$c20180425$lBLL01$h2153
=CAT  \\$a10999$b40$c20180815$lBLL01$h0759
=FMT  \\$a  BK
=LAS  \\$a10999$b40$c20180815$lBLL01$h0759

