=LDR  02860 am a2200517 i 4500
=001  018383511
=003  Uk
=005  20180815082932.0
=008  170426s2017\\\\enka\\\\\b\\\\000\0\eng\c
=015  \\$aGBB7A1774$2bnb
=016  7\$a018383511$2Uk
=020  \\$qpaperback
=035  \\$a(WlAbNL)99750142602419
=035  \\$a(StEdALDL)1/3567463
=035  \\$a(UkOxU)020854767
=040  \\$aStEdALDL$beng$cStEdALDL$dWlAbNL$erda
=042  \\$aukscp
=100  1\$aMechtenberg, Lydia,$eauthor.
=245  10$aWhistle-blower protection :$btheory and experimental evidence /$cLydia Mechtenberg, Gerd Muehlheusser and Andreas Roider.
=264  \1$aLondon :$bCentre for Economic Policy Research,$c2017.
=300  \\$a36, 12, 9, 1 pages :$billustrations (black and white) ;$c21 cm.
=336  \\$atext$btxt$2rdacontent
=336  \\$astill image$bsti$2rdacontent
=337  \\$aunmediated$bn$2rdamedia
=338  \\$avolume$bnc$2rdacarrier
=490  1\$aDiscussion paper (Centre for Economic Policy Research (Great Britain)),$x0265-8003$aLabour economics$aPublic economics$aFinancial economics$aIndustrial organization ;$vDP11898
=500  \\$a"Submitted 10 March 2017".
=504  \\$aIncludes bibliographical references (pages 32-36).
=520  \\$aWhistle-blowing by employees plays a major role in uncovering corporate fraud. Various recent laws aim at improving protection of whistle-blowers and enhancing their willingness to report. Evidence on the effectiveness of such legislation is, however, scarce. Moreover, critics have raised worries about fraudulent claims by low-productivity employees. We study these issues in a theory-guided lab experiment. Easily attainable ("belief-based") protection indeed leads to more reports, both truthful and fraudulent. Fraudulent claims dilute prosecutors' incentives to investigate, and thereby hamper deterrence. These effects are ameliorated under more stringent ("fact-based") protection.
=650  \0$aWhistle blowing$xLaw and legislation.
=650  \0$aCorporations$xCorrupt practices.
=650  \0$aFraud investigation.
=700  1\$aMuehlheusser, Gerd,$d1972-$eauthor.
=700  1\$aRoider, Andreas,$eauthor.
=710  2\$aCentre for Economic Policy Research (Great Britain),$eissuing body.
=830  \0$aDiscussion paper (Centre for Economic Policy Research (Great Britain)) ;$vno. 11898.
=852  41$aBritish Library$bHMNTS$jYK.2018.a.4654
=856  40$uhttp://www.cepr.org/active/publications/discussion_papers/dp.php?dpno=11898
=985  \\$aAwaiting NetCat DDC
=985  \\$aLDLSCP record - no ISBN match on import to BLL01
=CAT  \\$aBATCH-LDLN$b00$c20170619$lBLL01$h2133
=CAT  \\$aBATCH-UPD$b00$c20170619$lBLL01$h2134
=CAT  \\$aBATCH-016$c20180425$lBLL01$h2153
=CAT  \\$a10999$b40$c20180815$lBLL01$h0829
=FMT  \\$a  BK
=LAS  \\$a10999$b40$c20180815$lBLL01$h0829

