=LDR  02651 am a2200505 i 4500
=001  018394568
=003  Uk
=005  20180724075132.0
=008  170404s2017\\\\enk\\\\\\b\\\\000\0\eng\c
=015  \\$aGBB7A6417$2bnb
=016  7\$a018394568$2Uk
=020  \\$qpaperback
=035  \\$a(WlAbNL)99748097002419
=035  \\$a(StEdALDL)1/3558877
=035  \\$a(UkOxU)020839908
=040  \\$aStEdALDL$beng$cStEdALDL$dWlAbNL$erda
=042  \\$aukscp
=100  1\$aGuo, Di,$d1971-$eauthor.
=245  10$aInstitutions and managerial task allocation :$bevidence from Chinese entrepreneurs /$cDi Guo, Kun Jiang and Cheng-Gang Xu.
=264  \1$aLondon :$bCentre for Economic Policy Research,$c2017.
=300  \\$a32 pages ;$c21 cm.
=336  \\$atext$btxt$2rdacontent
=337  \\$aunmediated$bn$2rdamedia
=338  \\$avolume$bnc$2rdacarrier
=490  1\$aDiscussion paper (Centre for Economic Policy Research (Great Britain)),$x0265-8003$aIndustrial organization$aDevelopment economics ;$vDP11853
=500  \\$a"Submitted 15 February 2017".
=504  \\$aIncludes bibliographical references (pages 23-25).
=520  \\$aThis study presents theoretical and empirical analyses of time allocation of entrepreneurs as a response to weak property rights protection. Using a nationwide random sampling survey of more than 3,000 entrepreneurs in over 100 cities in China, we find that entrepreneurs, responding to the violation of property rights, spend large proportions of their working time on lobbying activities to protect their businesses at the cost of management time. Moreover, the sensitivity of lobbying time to property rights protection is reduced if the entrepreneur is politically connected or if the firm is larger or older.
=650  \0$aEntrepreneurship$zChina.
=650  \0$aTime management$xEconomic aspects$zChina.
=650  \0$aRight of property$zChina.
=700  1\$aJiang, Kun,$d1983-$eauthor.
=700  1\$aXu, Chenggang,$eauthor.
=710  2\$aCentre for Economic Policy Research (Great Britain),$eissuing body.
=830  \0$aDiscussion paper (Centre for Economic Policy Research (Great Britain)) ;$vno. 11853.
=852  41$aBritish Library$bHMNTS$jYK.2018.a.4295
=856  40$uhttp://www.cepr.org/active/publications/discussion_papers/dp.php?dpno=11853
=985  \\$aAwaiting NetCat DDC
=985  \\$aLDLSCP record - no ISBN match on import to BLL01
=CAT  \\$aBATCH-LDLN$b00$c20170626$lBLL01$h2120
=CAT  \\$aBATCH-UPD$b00$c20170626$lBLL01$h2120
=CAT  \\$aBATCH-016$c20180411$lBLL01$h2146
=CAT  \\$a10999$b40$c20180724$lBLL01$h0751
=FMT  \\$a  BK
=LAS  \\$a10999$b40$c20180724$lBLL01$h0751

