=LDR  03523 am a2200529 i 4500
=001  018394571
=003  Uk
=005  20180815093427.0
=008  170426s2017\\\\enka\\\\\b\\\\000\0\eng\c
=015  \\$aGBB7A6420$2bnb
=016  7\$a018394571$2Uk
=020  \\$qpaperback
=035  \\$a(WlAbNL)99749637802419
=035  \\$a(StEdALDL)1/3567480
=035  \\$a(UkOxU)020854775
=040  \\$aStEdALDL$beng$cStEdALDL$dWlAbNL$erda
=042  \\$aukscp
=100  1\$aAuer, Raphael,$eauthor.
=245  10$aInternational inflation spillovers through input linkages /$cRaphael Auer, Andrei A. Levchenko and Philip Sauré.
=264  \1$aLondon :$bCentre for Economic Policy Research,$c2017.
=300  \\$a48 pages :$billustrations (black and white) ;$c21 cm.
=336  \\$atext$btxt$2rdacontent
=336  \\$astill image$bsti$2rdacontent
=337  \\$aunmediated$bn$2rdamedia
=338  \\$avolume$bnc$2rdacarrier
=490  1\$aDiscussion paper (Centre for Economic Policy Research (Great Britain)),$x0265-8003$aInternational trade and regional economics$aInternational macroeconomics and finance$aMonetary economics and fluctuation ;$vDP11906
=500  \\$a"Submitted 13 March 2017".
=504  \\$aIncludes bibliographical references (pages 30-32).
=520  \\$aWe document that observed international input-output linkages contribute substantially to synchronizing producer price inflation (PPI) across countries. Using a multi-country, industry-level dataset that combines information on PPI and exchange rates with international and domestic input-output linkages, we recover the underlying cost shocks that are propagated internationally via the global input-output network, thus generating the observed dynamics of PPI. We then compare the extent to which common global factors account for the variation in actual PPI and in the underlying cost shocks. Our main finding is that across a range of econometric tests, input-output linkages account for half of the global component of PPI inflation. We report three additional findings: (i) the results are similar when allowing for imperfect cost pass-through and demand complementarities; (ii) PPI synchronization across countries is driven primarily by common sectoral shocks and input-output linkages amplify co-movement primarily by propagating sectoral shocks; and (iii) the observed pattern of international input use preserves fat-tailed idiosyncratic shocks and thus leads to a fat-tailed distribution of inflation rates, i.e., periods of disinflation and high inflation.
=650  \0$aInflation (Finance)$xEconomic aspects.
=650  \0$aInternational trade$xEconomic aspects.
=650  \0$aGlobalization$xEconomic aspects.
=650  \0$aMonetary policy$xEconomic aspects.
=700  1\$aLevchenko, Andrei A.,$eauthor.
=700  1\$aSauré, Philip,$eauthor.
=710  2\$aCentre for Economic Policy Research (Great Britain),$eissuing body.
=830  \0$aDiscussion paper (Centre for Economic Policy Research (Great Britain)) ;$vno. 11906.
=852  41$aBritish Library$bHMNTS$jYK.2018.a.4693
=856  40$uhttp://www.cepr.org/active/publications/discussion_papers/dp.php?dpno=11906
=985  \\$aAwaiting NetCat DDC
=985  \\$aLDLSCP record - no ISBN match on import to BLL01
=CAT  \\$aBATCH-LDLN$b00$c20170626$lBLL01$h2120
=CAT  \\$aBATCH-UPD$b00$c20170626$lBLL01$h2120
=CAT  \\$aBATCH-016$c20180425$lBLL01$h2153
=CAT  \\$a10999$b40$c20180815$lBLL01$h0934
=FMT  \\$a  BK
=LAS  \\$a10999$b40$c20180815$lBLL01$h0934

