=LDR  03059aam a2200505 i 4500
=001  016460362
=003  Uk
=005  20150803091201.0
=008  130625s2013\\\\enka\\\\\b\\\\000\0\eng\c
=015  \\$aGBB365225$2bnb
=016  7\$a016460362$2Uk
=035  \\$a(WlAbNL)vtls006609634
=040  \\$aStEdALDL$beng$cStEdALDL$dWlAbNL$dUk$erda
=042  \\$aukscp
=082  04$a336.34$223
=100  1\$aBuiter, Willem H.,$d1949-$eauthor.
=245  10$aWhy do governments default, and why don't they default more often? /$cWillem H. Buiter, Citigroup and CEPR, Ebrahim Rahbari, Citigroup.
=264  \1$aLondon :$bCentre for Economic Policy Research,$c2013.
=300  \\$a44 pages :$billustrations ;$c21 cm.
=336  \\$atext$btxt$2rdacontent
=337  \\$aunmediated$bn$2rdamedia
=338  \\$avolume$bnc$2rdacarrier
=490  1\$aDiscussion paper series / Centre for Economic Policy Research,$x0265-8003 ;$vno. 9492.$aInternational macroeonomics
=500  \\$a"May 2013".
=504  \\$aIncludes bibliographical references (pages 40-41).
=520  3\$aThis paper considers the economic and political drivers of sovereign default, focusing on countries rich enough to render sovereign default a 'won't pay' rather than a 'can't pay' phenomenon. Unlike many private contracts, sovereign debt contracts rely almost exclusively on self-enforcement rather than on third-party enforcement. Among the social costs of sovereign default are contagion and concentration risk, both within and outside the jurisdiction of the sovereign, and 'rule of law externalities'. We consider illiquidity as a separate trigger for sovereign default and emphasize the role of lenders of last resort for the sovereign. Not only do political economy factors drive sovereign insolvency, they also influence the debt sustainability analyses performed by national and international agencies. We consider it likely that the absence of sovereign defaults in the advanced economies since the (West) German defaults of 1948 and 1953 until the Greek defaults of 2012 was a historical aberration that is unlikely to be a reliable guide to the future.
=650  \0$aDefault (Finance)
=650  \0$aDebts, Public.
=650  \0$aInternational finance.
=690  7\$aManagement and Business Studies$2blcoll
=700  1\$aRahbari, Ebrahim,$d1981-$eauthor.
=830  \0$aDiscussion paper (Centre for Economic Policy Research (Great Britain)).$pInternational macroeconomics ;$vno. 9492.
=852  41$aBritish Library$bHMNTS$jYC.2015.a.9384
=856  40$uwww.cepr.org/pubs/dps/DP9492.asp
=985  \\$aLDLSCP record - no ISBN match on import to BLL01
=CAT  \\$aBATCH-LDLN$b00$c20130729$lBLL01$h2127
=CAT  \\$a6162$b40$c20150723$lBLL01$h1640
=CAT  \\$a9666$b40$c20150803$lBLL01$h0911
=CAT  \\$a9666$b40$c20150803$lBLL01$h0912
=CAT  \\$aBATCH-MBS$c20150807$lBLL01$h2053
=CAT  \\$aWR16_021$c20160709$lBLL01$h1805
=CAT  \\$aBATCH-UPD$b00$c20160709$lBLL01$h1821
=FIN  \\$aY$d20150803
=FMT  \\$a  BK
=LAS  \\$aBATCH-UPD$b00$c20160709$lBLL01$h1821

