=LDR  02484aam a2200469 i 4500
=001  016471330
=003  Uk
=005  20150722112550.0
=008  130625s2013\\\\enka\\\\\b\\\\000\0\eng\c
=015  \\$aGBB370663$2bnb
=016  7\$a016471330$2Uk
=035  \\$a(WlAbNL)vtls006609514
=040  \\$aStEdALDL$beng$cStEdALDL$dWlAbNL$dUk$erda
=042  \\$aukscp
=082  04$a332.456$223
=100  1\$aSarno, Lucio,$eauthor.
=245  10$aWhich fundamentals drive exchange rates? :$ba cross-sectional perspective /$cLucio Sarno, Maik Schmeling.
=264  \1$aLondon :$bCentre for Economic Policy Research,$c2013.
=300  \\$a44 pages :$billustrations ;$c22 cm.
=336  \\$atext$btxt$2rdacontent
=337  \\$aunmediated$bn$2rdamedia
=338  \\$avolume$bnc$2rdacarrier
=490  1\$aDiscussion paper series / Centre for Economic Policy Research,$x0265-8003 ;$vno. 9472
=500  \\$a"May 2013".
=504  \\$aIncludes bibliographical references.
=520  \\$aStandard present-value models suggest that exchange rates are driven by expected future fundamentals, implying that exchange rates contain information about future fundamentals. We test this key empirical prediction of present-value models in a sample of 35 currency pairs ranging from 1900 to 2009. Employing a variety of tests, we find that exchange rates have strong and significant predictive power for nominal fundamentals (inflation, money balances, nominal GDP), whereas predictability of real fundamentals and risk premia is much weaker and largely confined to the post-Bretton Woods era. Overall, we uncover ample evidence that future macro fundamentals drive current exchange rates.
=650  \0$aForeign exchange rates.
=690  7\$aManagement and Business Studies$2blcoll
=700  1\$aSchmeling, Maik,$eauthor.
=830  \0$aDiscussion paper (Centre for Economic Policy Research (Great Britain)).$pInternational macroeconomics ;$vno. 9472.
=852  41$aBritish Library$bHMNTS$jYKL.2015.a.9109
=856  40$uwww.cepr.org/pubs/dps/DP9472.asp
=985  \\$aLDLSCP record - no ISBN match on import to BLL01
=CAT  \\$aBATCH-LDLN$b00$c20130812$lBLL01$h2117
=CAT  \\$a6632$b40$c20150704$lBLL01$h1147
=CAT  \\$a9666$b40$c20150722$lBLL01$h1125
=CAT  \\$aBATCH-MBS$c20150731$lBLL01$h2055
=CAT  \\$aWR16_021$c20160709$lBLL01$h1807
=CAT  \\$aBATCH-UPD$b00$c20160709$lBLL01$h1837
=FIN  \\$aY$d20150722
=FMT  \\$a  BK
=LAS  \\$aBATCH-UPD$b00$c20160709$lBLL01$h1837

