=LDR  02916aam a2200541 i 4500
=001  016481507
=003  Uk
=005  20150606125309.0
=008  130724s2013\\\\enka\\\\\b\\\\000\0\eng\c
=015  \\$aGBB375592$2bnb
=016  7\$a016481507$2Uk
=035  \\$a(WlAbNL)vtls006616541
=040  \\$aWlAbNL$beng$cWlAbNL$dUk$erda
=042  \\$aukscp
=082  04$a332.0972$223
=100  1\$aAngelucci, Manuela,$eauthor.
=245  10$aWin some lose some? :$bevidence from a randomized microcredit program placement experiment by Compartamos Banco /$cManuela Angelucci, Dean S. Karlan, and Jonathan Zinman.
=264  \1$aLondon :$bCentre for Economic Policy Research,$c2013.
=300  \\$a34 pages, 33 unnumbered pages :$billustrations ;$c21 cm.
=336  \\$atext$btxt$2rdacontent
=337  \\$aunmediated$bn$2rdamedia
=338  \\$avolume$bnc$2rdacarrier
=490  1\$aDiscussion paper series,$x0265-8003 ;$vno. 9506.$aDevelopment economics and Labour economics
=500  \\$aTitle from www.cepr.org/pubs/dps/DP9506.asp viewed June 18, 2013.
=500  \\$a"June 2013."
=504  \\$aIncludes bibliographical references (pages 33-34).
=520  \\$aTheory and evidence have raised concerns that microcredit does more harm than good, particularly when offered at high interest rates. We use a clustered randomized trial, and household surveys of eligible borrowers and their businesses, to estimate impacts from an expansion of group lending at 110% APR by the largest microlender in Mexico. Average effects on a rich set of outcomes measured 18-34 months post-expansion suggest some good and little harm. Other estimators identify heterogeneous treatment effects and effects on outcome distributions, but again yield little support for the hypothesis that microcredit causes harm.
=650  \0$aMicrofinance$zMexico$xEconometric models.
=650  \0$aEconomic development$zMexico$xEconometric models.
=650  \0$aSmall business$zMexico$xEconometric models.
=690  7\$aManagement and Business Studies$2blcoll
=700  1\$aKarlan, Dean S.,$eauthor.
=700  1\$aZinman, Jonathan,$eauthor.
=710  2\$aCompartamos Banco,$eauthor.
=710  2\$aCentre for Economic Policy Research (Great Britain)
=830  \0$aDiscussion paper (Centre for Economic Policy Research (Great Britain)).$pDevelopment economics and labour economics ;$v9506.
=852  41$aBritish Library$bHMNTS$jYK.2015.a.1992
=856  40$uwww.cepr.org/pubs/dps/DP9506.asp
=985  \\$aLDLSCP record - no ISBN match on import to BLL01
=CAT  \\$aBATCH-LDLN$b00$c20130826$lBLL01$h2119
=CAT  \\$a7732$b40$c20150516$lBLL01$h1058
=CAT  \\$a9671$b40$c20150606$lBLL01$h1253
=CAT  \\$aBATCH-MBS$c20150612$lBLL01$h2058
=CAT  \\$aWR16_021$c20160709$lBLL01$h1809
=CAT  \\$aBATCH-UPD$b00$c20160709$lBLL01$h1854
=FIN  \\$aY$d20150606
=FMT  \\$a  BK
=LAS  \\$aBATCH-UPD$b00$c20160709$lBLL01$h1854

