=LDR  02551aam a2200481 i 4500
=001  016481508
=003  Uk
=005  20150606081437.0
=008  130724s2013\\\\enka\\\\\b\\\\000\0\eng\c
=015  \\$aGBB375593$2bnb
=016  7\$a016481508$2Uk
=035  \\$a(WlAbNL)vtls006616556
=040  \\$aWlAbNL$beng$cWlAbNL$dUk$erda
=042  \\$aukscp
=082  04$a371.02$223
=100  1\$aBertola, Giuseppe,$eauthor.
=245  10$aWho chooses which private education? :$btheory and international evidence /$cGiuseppe Bertola, Daniele Checchi.
=264  \1$aLondon :$bCentre for Economic Policy Research,$c2013.
=300  \\$a32 pages :$billustrations ;$c21 cm.
=336  \\$atext$btxt$2rdacontent
=337  \\$aunmediated$bn$2rdamedia
=338  \\$avolume$bnc$2rdacarrier
=490  1\$aDiscussion paper,$x0265-8003 ;$vno. 9513.$aLabour economics
=500  \\$aTitle from www.cepr.org/pubs/dps/DP9513.asp viewed June 19, 2013.
=500  \\$a"June 2013."
=504  \\$aIncludes bibliographical references (pages 22-23).
=520  \\$aPrivate school students do not always perform better in standardized tests. We suggest that this may be explained by choice of private schooling by less capable students in countries where government schools are better suited to talented students. To assess the empirical relevance of this mechanism, we exploit cross-country variation in the PISA 2009 survey of differences between private and state school regarding organizational features that are differently suitable for students with different learning ability. We seek and find evidence of this mechanism's empirical relevance in controlled regressions that treat within-country variation of PISA scores as an indicator of unobserved ability to learn.
=650  \0$aPrivate schools.
=650  \0$aAcademic achievement.
=700  1\$aChecchi, Daniele,$eauthor.
=710  2\$aCentre for Economic Policy Research (Great Britain)
=830  \0$aDiscussion paper (Centre for Economic Policy Research (Great Britain)).$pLabour economics ;$vno. 9513.
=852  41$aBritish Library$bHMNTS$jYK.2015.a.1994
=856  40$uwww.cepr.org/pubs/dps/DP9513.asp
=985  \\$aLDLSCP record - no ISBN match on import to BLL01
=CAT  \\$aBATCH-LDLN$b00$c20130826$lBLL01$h2119
=CAT  \\$a7732$b40$c20150516$lBLL01$h0908
=CAT  \\$a9671$b40$c20150606$lBLL01$h0814
=CAT  \\$aWR16_021$c20160709$lBLL01$h1809
=CAT  \\$aBATCH-UPD$b00$c20160709$lBLL01$h1854
=FIN  \\$aY$d20150606
=FMT  \\$a  BK
=LAS  \\$aBATCH-UPD$b00$c20160709$lBLL01$h1854

