=LDR  02241aam a2200565 i 4500
=001  016551379
=003  Uk
=005  20140520123318.0
=008  130905s2013\\\\enka\\\\\b\\\\000\0\eng\c
=015  \\$aGBB3A7444$2bnb
=016  7\$a016551379$2Uk
=035  \\$a(WlAbNL)vtls006647928
=040  \\$aWlAbNL$beng$cWlAbNL$dUk$erda
=042  \\$aukscp
=082  04$a331.3409485$223
=100  1\$aKramarz, Francis,$eauthor.
=245  10$aWhen strong ties are strong :$bnetworks and youth labor market entry /$cFrancis Kramarz and Oskar Nordström Skans.
=264  \1$aLondon :$bCentre for Economic Policy Research,$c2013.
=300  \\$a56 pages :$billustrations ;$c21 cm.
=336  \\$atext$btxt$2rdacontent
=337  \\$aunmediated$bn$2rdamedia
=338  \\$avolume$bnc$2rdacarrier
=490  1\$aDiscussion paper series. Centre for Economic Policy Research,$x0265-8003 ;$vno. 9620$aLabour economics
=500  \\$a"September 2013."
=500  \\$a"Submitted 20 August 2013."
=504  \\$aIncludes bibliographical references (pages 35-37).
=650  \0$aCareer development$zSweden.
=650  \0$aSocial networks$zSweden.
=690  7\$aManagement and Business Studies$2blcoll
=690  7\$aSocial Welfare$2blcoll
=700  1\$aSkans, Oskar Nordström,$eauthor.
=710  2\$aCentre for Economic Policy Research (Great Britain)
=830  \0$aDiscussion paper (Centre for Economic Policy Research (Great Britain)).$pLabour economics ;$vno. 9620.
=852  41$aBritish Library$bHMNTS$jYK.2014.a.11485
=856  40$uhttp://www.cepr.org/pubs/dps/DP9620
=985  \\$aLDLSCP record - no ISBN match on import to BLL01
=CAT  \\$aBATCH-LDLN$b00$c20131125$lBLL01$h2127
=CAT  \\$aBATCH-UPD$b00$c20131125$lBLL01$h2127
=CAT  \\$a8318$b40$c20140508$lBLL01$h1535
=CAT  \\$a8318$b40$c20140508$lBLL01$h1536
=CAT  \\$a6632$b40$c20140509$lBLL01$h1046
=CAT  \\$a6537$b40$c20140520$lBLL01$h1233
=CAT  \\$aBATCH-MBS$c20140530$lBLL01$h2147
=CAT  \\$aBATCH-SWP$c20140530$lBLL01$h2325
=CAT  \\$aWR16_021$c20160709$lBLL01$h1823
=CAT  \\$aBATCH-UPD$b00$c20160709$lBLL01$h2058
=FIN  \\$aY$d20140520
=FIN  \\$aY$d20140508
=FMT  \\$a  BK
=LAS  \\$aBATCH-UPD$b00$c20160709$lBLL01$h2058

