=LDR  02622aam a2200541 i 4500
=001  016556526
=003  Uk
=005  20140528084322.0
=008  131121s2013\\\\enkab\\\\b\\\\000\0\eng\d
=015  \\$aGBB3A8513$2bnb
=016  7\$a016556526$2Uk
=035  \\$a(IeDuTC)b154643555
=040  \\$aIeDuTC$beng$cIeDuTC$dUk$erda
=042  \\$aukscp
=082  00$a362.295209492$223
=100  1\$aPalali, Ali,$eauthor.
=245  10$aDistance to cannabis-shops and age of onset of cannabis use /$cAli Palali and Jan C. van Ours.
=264  \1$aLondon :$bCentre for Economic Policy Research,$c2013.
=300  \\$a34 pages :$billustrations, maps ;$c22 cm.
=336  \\$atext$2rdacontent
=337  \\$aunmediated$2rdamedia
=338  \\$avolume$2rdacarrier
=490  1\$aDiscussion paper series,$x0265-8003 ;$vno. 9632.$aPublic policy
=500  \\$a"September 2013."
=500  \\$a"Submitted 28 August 2013."
=500  \\$aAlso available as an electronic resource.
=504  \\$aIncludes bibliographical references (pages 21-22).
=520  \\$aIn the Netherlands cannabis use is quasi-legalized. Small quantities of cannabis can be bought in cannabis-shops. We investigate how the distance to the nearest cannabis-shop affects the age of onset of cannabis use. We use a Mixed Proportional Hazard rate framework to take account of observable as well as unobservable characteristics that influence the uptake of cannabis. We find that distance matters. Individuals who grow up within 20 kilometers of a cannabis-shop have a lower age of onset.
=650  \0$aCannabis$xEconomic aspects$zNetherlands.
=650  \0$aCannabis$xSocial aspects$zNetherlands.
=650  \0$aMarijuana abuse$zNetherlands.
=690  7\$aSocial Welfare$2blcoll
=700  1\$aOurs, J. C. van,$eauthor.
=710  2\$aCentre for Economic Policy Research (Great Britain),$eissuing body.
=830  \0$aDiscussion paper (Centre for Economic Policy Research (Great Britain)) ;$vno. 9632.
=830  \0$aDiscussion paper (Centre for Economic Policy Research (Great Britain)).$pPublic policy.
=852  41$aBritish Library$bHMNTS$jYK.2014.a.11841
=856  40$uhttp://www.cepr.org/pubs/dps/DP9632
=985  \\$aLDLSCP record - no ISBN match on import to BLL01
=CAT  \\$aBATCH-LDLN$b00$c20131202$lBLL01$h2126
=CAT  \\$a6632$b40$c20140519$lBLL01$h1206
=CAT  \\$a6537$b40$c20140528$lBLL01$h0843
=CAT  \\$aBATCH-SWP$c20140607$lBLL01$h0109
=CAT  \\$aBATCH-UPD$b00$c20160106$lBLL01$h1108
=CAT  \\$aWR16_021$c20160709$lBLL01$h1823
=FIN  \\$aY$d20140528
=FMT  \\$a  BK
=LAS  \\$aWR16_021$b00$c20160709$lBLL01$h1823

