=LDR  03606aam a2200577 i 4500
=001  016619876
=003  Uk
=005  20140528085009.0
=008  131002s2013\\\\enka\\\\\b\\\\000\0\eng\c
=015  \\$aGBB412106$2bnb
=016  7\$a016619876$2Uk
=035  \\$a(WlAbNL)vtls006647934
=040  \\$aWlAbNL$beng$cWlAbNL$dUk$erda
=042  \\$aukscp
=082  04$a330.947084$223
=100  1\$aCheremukhin, A.$q(Anton),$eauthor.
=245  10$aWas Stalin necessary for Russia's economic development? /$cAnton Cheremukhin, Mikhail Golosov, Sergei Guriev and Aleh Tsyvinski.
=264  \1$aLondon :$bCentre for Economic Policy Research,$c2013.
=300  \\$a62 pages :$billustrations ;$c22 cm.
=336  \\$atext$btxt$2rdacontent
=337  \\$aunmediated$bn$2rdamedia
=338  \\$avolume$bnc$2rdacarrier
=490  1\$aDiscussion paper series,$x0265-8003 ;$vno. 9669$aDevelopment economics$aEconomic history$aPublic policy
=500  \\$a"September 2013."
=500  \\$a"Submitted 23 September 2013."
=504  \\$aIncludes bibliographical references (pages 52-55).
=520  \\$aThis paper studies structural transformation of Soviet Russia in 1928-1940 from an agrarian to an industrial economy through the lens of a two-sector neoclassical growth model. We construct a large dataset that covers Soviet Russia during 1928-1940 and Tsarist Russia during 1885-1913. We use a two-sector growth model to compute sectoral TFPs as well as distortions and wedges in the capital, labor and product markets. We find that most wedges substantially increased in 1928-1935 and then fell in 1936-1940 relative to their 1885-1913 levels, while TFP remained generally below pre-WWI trends. Under the neoclassical growth model, projections of these estimated wedges imply that Stalin's economic policies led to welfare loss of -24 percent of consumption in 1928-1940, but a +16 percent welfare gain after 1941. A representative consumer born at the start of Stalin's policies in 1928 experiences a reduction in welfare of -1 percent of consumption, a number that does not take into account additional costs of political repression during this time period. We provide three additional counterfactuals: comparison with Japan, comparison with the New Economic Policy (NEP), and assuming alternative post-1940 growth scenarios.
=600  10$aStalin, Joseph,$d1878-1953.
=650  \0$aIndustrialization$zSoviet Union$xHistory.
=651  \0$aSoviet Union$xEconomic policy$y1928-1932.
=651  \0$aRussia$xEconomic conditions$y1861-1917.
=651  \0$aSoviet Union$xEconomic conditions$y1917-1945.
=690  7\$aManagement and Business Studies$2blcoll
=700  1\$aGolosov, Mikhail,$eauthor.
=700  1\$aGuriev, S. M.,$eauthor.
=700  1\$aTsyvinski, Aleh,$eauthor.
=710  2\$aCentre for Economic Policy Research (Great Britain)
=830  \0$aDiscussion paper (Centre for Economic Policy Research (Great Britain)).$pDevelopment economics, economic history and public policy ;$vno. 9669.
=852  41$aBritish Library$bHMNTS$jYK.2014.a.11843
=856  40$uhttp://www.cepr.org/pubs/dps/DP9669
=985  \\$aLDLSCP record - no ISBN match on import to BLL01
=CAT  \\$aBATCH-LDLN$b00$c20140203$lBLL01$h2127
=CAT  \\$a6632$b40$c20140519$lBLL01$h1150
=CAT  \\$a6537$b40$c20140528$lBLL01$h0850
=CAT  \\$aBATCH-MBS$c20140606$lBLL01$h2140
=CAT  \\$aBATCH-UPD$b00$c20150611$lBLL01$h2043
=CAT  \\$aWR16_021$c20160713$lBLL01$h1808
=CAT  \\$aBATCH-UPD$b00$c20160713$lBLL01$h1858
=FIN  \\$aY$d20140528
=FMT  \\$a  BK
=LAS  \\$aBATCH-UPD$b00$c20160713$lBLL01$h1858

