=LDR  02701cam a2200493 i 4500
=001  016619879
=003  Uk
=005  20140724132739.0
=008  131219s2013\\\\enka\\\\\b\\\\000\0\eng\c
=015  \\$aGBB412109$2bnb
=016  7\$a016619879$2Uk
=035  \\$a(WlAbNL)vtls006688045
=040  \\$aWlAbNL$beng$cWlAbNL$dUk$erda
=042  \\$aukscp
=082  04$a338.9$223
=100  1\$aRodrik, Dani,$eauthor.
=245  10$aWhen ideas trump interests :$bpreferences, world views, and policy innovations /$cDani Rodrik.
=264  \1$aLondon :$bCentre for Economic Policy Research,$cNovember 2013.
=300  \\$a34 pages :$billustrations ;$c21 cm.
=336  \\$atext$2rdacontent
=337  \\$aunmediated$2rdamedia
=338  \\$avolume$2rdacarrier
=490  1\$aDiscussion paper series,$x0265-8003 ;$v9734
=504  \\$aIncludes bibliographical references (pages 30-33).
=520  \\$aThe contemporary approach to political economy is built around vested interests -- elites, lobbies, and rent-seeking groups which get their way at the expense of the general public. The role of ideas in shaping those interests is typically ignored or downplayed. Yet each of the three components of the standard optimization problem in political economy -- preferences, constraints, and choice variables -- rely on an implicit set of ideas. Once the manner in which ideas enter these frameworks is made explicit, a much richer and more convincing set of results can be obtained. In particular, new ideas about policy -- or policy entrepreneurship -- can exert an independent effect on equilibrium outcomes even in the absence of changes in the configuration of political power.
=650  \0$aEconomics$xPolitical aspects.
=650  \0$aEconomic policy$xPolitical aspects.
=650  \0$aEconomic policy$xSocial aspects.
=650  \0$aEconomic policy$xMoral and ethical aspects.
=690  7\$aManagement and Business Studies$2blcoll
=710  2\$aCentre for Economic Policy Research (Great Britain),$eissuing body.
=830  \0$aDiscussion paper series (Centre for Economic Policy Research).$pDevelopment economics and public policy ;$v9734.
=852  41$aBritish Library$bHMNTS$jYK.2014.a.15193
=856  40$uhttp://www.cepr.org/pubs/dps/DP9734
=985  \\$aLDLSCP record - no ISBN match on import to BLL01
=CAT  \\$aBATCH-LDLN$b00$c20140203$lBLL01$h2127
=CAT  \\$a11014$b40$c20140724$lBLL01$h1327
=CAT  \\$aBATCH-MBS$c20140801$lBLL01$h2133
=CAT  \\$aWR16_021$c20160713$lBLL01$h1808
=CAT  \\$aBATCH-UPD$b00$c20160713$lBLL01$h1858
=CAT  \\$aBATCH-UPD$b00$c20221207$lBLL01$h1026
=FIN  \\$aY$d20140724
=FMT  \\$a  BK
=LAS  \\$aBATCH-UPD$b00$c20221207$lBLL01$h1026

