=LDR  02398 am a2200445 i 4500
=001  016619881
=003  Uk
=005  20150407142537.0
=008  131218s2013\\\\enk\\\\\\b\\\\000\0\eng\c
=015  \\$aGBB412111$2bnb
=016  7\$a016619881$2Uk
=035  \\$a(WlAbNL)vtls006687615
=040  \\$aWlAbNL$beng$cWlAbNL$dUk$erda
=042  \\$aukscp
=082  04$a347.730572015118$223
=100  1\$aEmons, Winand,$eauthor.
=245  10$aWhy plaintiffs' attorneys use contingent and defense attorneys fixed fee contracts /$cWinand Emons and Claude Fluet.
=264  \1$aLondon :$bCentre for Economic Policy Research,$cNovember 2013.
=300  \\$a18 pages ;$c21 cm.
=336  \\$atext$btxt$2rdacontent
=337  \\$aunmediated$bn$2rdamedia
=338  \\$avolume$bnc$2rdacarrier
=490  1\$aDiscussion paper series. Industrial organization,$x0265-8003 ;$vno. 9727
=504  \\$aIncludes bibliographical references (pages 17-18).
=520  \\$aVictims want to collect damages from injurers. Cases differ with respect to the judgment. Attorneys observe the expected judgment, clients do not. Victims need an attorney to sue; defense attorneys reduce the probability that the plaintiff prevails. Plaintiffs' attorneys offer contingent fees providing incentives to proceed with strong and drop weak cases. By contrast, defense attorneys work for fixed fees under which they accept all cases. Since the defense commits to fight all cases, few victims sue in the first place. We thus explain the fact that in the US virtually all plaintiffs use contingency while defendants tend to rely exclusively on fixed fees.
=650  \0$aLawyers$xFees$zUnited States.
=650  \0$aLawyers$xFees$xMathematical models.
=700  1\$aFluet, Claude,$eauthor.
=710  2\$aCentre for Economic Policy Research (Great Britain)
=830  \0$aDiscussion paper (Centre for Economic Policy Research (Great Britain)).$pIndustrial organization ;$vno. 9727.
=852  41$aBritish Library$bHMNTS$jYK.2015.a.1095
=856  40$uhttp://www.cepr.org/pubs/dps/DP9727
=985  \\$aLDLSCP record - no ISBN match on import to BLL01
=CAT  \\$aBATCH-LDLN$b00$c20140203$lBLL01$h2127
=CAT  \\$a8964$b40$c20150407$lBLL01$h1425
=CAT  \\$aWR16_021$c20160713$lBLL01$h1808
=CAT  \\$aBATCH-UPD$b00$c20160713$lBLL01$h1858
=FIN  \\$aY$d20150407
=FMT  \\$a  BK
=LAS  \\$aBATCH-UPD$b00$c20160713$lBLL01$h1858

