=LDR  02753aam a2200529 i 4500
=001  016681666
=003  Uk
=005  20140820105741.0
=008  140217s2013\\\\enka\\\\\b\\\\000\0\eng\c
=015  \\$aGBB436977$2bnb
=016  7\$a016681666$2Uk
=020  \\$qpaperback
=035  \\$a(WlAbNL)vtls006709260
=040  \\$aUk$beng$cUk$dWlAbNL$dUk$erda
=042  \\$aukscp
=082  04$a332.70946$223
=100  1\$aBentolila, Samuel,$eauthor.
=245  10$aWhen credit dries up :$bjob losses in the Great Recession /$cSamuel Bentolila, CEMFI and CEPR, Marcel Jansen, Universidad Autónoma de Madrid, Gabriel Jiménez, Banco de España, Sonia Ruano, Banco de España.
=264  \1$aLondon :$bCentre for Economic Policy Research,$cDecember 2013.
=300  \\$a43 pages :$billustrations ;$c21 cm.
=336  \\$atext$btxt$2rdacontent
=336  \\$astill image$bsti$2rdacontent
=337  \\$aunmediated$bn$2rdamedia
=338  \\$avolume$bnc$2rdacarrier
=490  1\$aDiscussion paper series. Labour economics,$x0265-8003 ;$vno. 9776
=504  \\$aIncludes bibliographical references (pages 35-37).
=520  \\$aWe use a unique dataset to estimate the impact of a large credit supply shock on employment in Spain. We exploit marked differences in banks' health at the onset of the Great Recession. Several weak banks were rescued by the State and they reduced credit more than other banks. We compare employment changes from 2006 to 2010 at firms heavily indebted to weak banks before the crisis and the rest. Our estimates imply that these firms suffered an additional employment drop between 3 and 13.5 percentage points due to weak-bank attachment, representing between 8% and 36% of aggregate job losses.
=650  \0$aCredit$zSpain$xEconometric models.
=650  \0$aUnemployment$zSpain$xEconometric models.
=690  7\$aManagement and Business Studies$2blcoll
=700  1\$aJansen, Marcel,$eauthor.
=700  1\$aJiménez, Gabriel,$eauthor.
=700  1\$aRuano-Pardo, Sonia,$eauthor.
=710  2\$aCentre for Economic Policy Research (Great Britain)
=830  \0$aDiscussion paper (Centre for Economic Policy Research (Great Britain)).$pLabour economics ;$vno. 9776.
=852  41$aBritish Library$bHMNTS$jYK.2014.a.17572
=856  40$uhttp://www.cepr.org/pubs/dps/DP9776
=985  \\$aLDLSCP record - no ISBN match on import to BLL01
=CAT  \\$aBATCH-LDLN$b00$c20140407$lBLL01$h2126
=CAT  \\$a9657$b40$c20140807$lBLL01$h1257
=CAT  \\$a8201$b40$c20140820$lBLL01$h1057
=CAT  \\$aBATCH-MBS$c20140829$lBLL01$h2206
=CAT  \\$aWR16_021$c20160714$lBLL01$h1807
=CAT  \\$aBATCH-UPD$b00$c20160714$lBLL01$h1846
=FIN  \\$aY$d20140820
=FMT  \\$a  BK
=LAS  \\$aBATCH-UPD$b00$c20160714$lBLL01$h1846

