=LDR  02959aam a2200541 i 4500
=001  016687898
=003  Uk
=005  20140819142425.0
=008  140214s2013\\\\enka\\\\\b\\\\000\0\eng\c
=015  \\$aGBB440727$2bnb
=016  7\$a016687898$2Uk
=020  \\$qpaperback
=035  \\$a(WlAbNL)vtls006709270
=040  \\$aUk$beng$cUk$dWlAbNL$dUk$erda
=042  \\$aukscp
=082  04$a658.514$223
=100  1\$aAgrawal, Ajay,$eauthor.
=245  10$aWhy are some regions more innovative than others? :$bthe role of firm size diversity /$cAjay Agrawal, University of Toronto and NBER, Iain M. Cockburn, Boston University and NBER, Alberto Galasso, University of Toronto and CEPR, Alexander Oettl, Georgia Institute of Technology.
=264  \1$aLondon :$bCentre for Economic Policy Research,$cDecember 2013.
=300  \\$a45 pages :$billustrations ;$c21 cm.
=336  \\$atext$btxt$2rdacontent
=336  \\$astill image$bsti$2rdacontent
=337  \\$aunmediated$bn$2rdamedia
=338  \\$avolume$bnc$2rdacarrier
=490  1\$aDiscussion paper series. Industrial organization and International trade and regional economics,$x0265-8003 ;$vno. 9766
=504  \\$aIncludes bibliographical references (pages 23-26).
=520  \\$aLarge firms spawn spin-outs caused by innovations deemed unrelated to the firm's overall business. Small firms generate demand for specialized services that lower entry costs for others. We study the interplay of these two localized externalities and their impact on regional innovation. We examine MSA-level patent data during the period 1975-2000 and find that innovation output is higher in regions where large and small firms coexist. The finding is robust to across-region as well as within-region analysis and the effect is stronger in certain subsamples in a manner that is consistent with our explanation.
=650  \0$aTechnological innovations.
=650  \0$aBusiness enterprises$xSize.
=650  \0$aRegional economic disparities.
=690  7\$aManagement and Business Studies$2blcoll
=700  1\$aCockburn, Iain,$eauthor.
=700  1\$aGalasso, Alberto,$eauthor.
=700  1\$aOettl, Alexander,$eauthor.
=710  2\$aCentre for Economic Policy Research (Great Britain)
=830  \0$aDiscussion paper (Centre for Economic Policy Research (Great Britain)).$pIndustrial organization and International trade and regional economics ;$vno. 9766.
=852  41$aBritish Library$bHMNTS$jYK.2014.a.17451
=856  40$uhttp://www.cepr.org/pubs/dps/DP9766
=985  \\$aLDLSCP record - no ISBN match on import to BLL01
=CAT  \\$aBATCH-LDLN$b00$c20140414$lBLL01$h2133
=CAT  \\$a9657$b40$c20140806$lBLL01$h1548
=CAT  \\$a8201$b40$c20140819$lBLL01$h1424
=CAT  \\$aBATCH-MBS$c20140829$lBLL01$h2206
=CAT  \\$aWR16_021$c20160714$lBLL01$h1808
=CAT  \\$aBATCH-UPD$b00$c20160714$lBLL01$h1855
=FIN  \\$aY$d20140819
=FMT  \\$a  BK
=LAS  \\$aBATCH-UPD$b00$c20160714$lBLL01$h1855

