=LDR  02898aam a2200517 i 4500
=001  016706968
=003  Uk
=005  20150108123113.0
=008  140430s2014\\\\enkd\\\\\b\\\\000\0\eng\c
=015  \\$aGBB446427$2bnb
=016  7\$a016706968$2Uk
=035  \\$a(IeDuTC)b156928346
=040  \\$aIeDuTC$beng$cIeDuTC$dUk$erda
=042  \\$aukscp
=082  04$a339.341$223
=100  1\$aSheedy, Kevin D.,$eauthor.
=245  10$aDebt and incomplete financial markets :$ba case for nominal GDP targeting /$cKevin D. Sheedy.
=264  \1$aLondon :$bCentre for Economic Policy Research,$c2014.
=300  \\$a69 pages :$bgraphs ;$c21 cm.
=336  \\$atext$2rdacontent
=337  \\$aunmediated$2rdamedia
=338  \\$avolume$2rdacarrier
=490  1\$aDiscussion paper series,$x0265-8003 ;$vno. 9843.$aInternational macroeconomics
=500  \\$a"February 2014."
=500  \\$a"Submitted 20 January 2014."
=504  \\$aIncludes bibliographical references (pages 64-69).
=520  \\$aFinancial markets are incomplete, thus for many households borrowing is possible only by accepting a financial contract that specifies a fixed repayment. However, the future income that will repay this debt is uncertain, so risk can be inefficiently distributed. This paper argues that a monetary policy of nominal GDP targeting can improve the functioning of incomplete financial markets when incomplete contracts are written in terms of money. By insulating households' nominal incomes from aggregate real shocks, this policy effectively completes financial markets by stabilizing the ratio of debt to income. The paper argues the objective of replicating complete financial markets should receive substantial weight even in an environment with other frictions that have been used to justify a policy of strict inflation targeting.
=530  \\$aAlso available in electronic format.
=650  \0$aGross domestic product$xEconometric models.
=650  \0$aMonetary policy$xEconometric models.
=690  7\$aManagement and Business Studies$2blcoll
=710  2\$aCentre for Economic Policy Research (Great Britain),$eissuing body.
=830  \0$aDiscussion paper (Centre for Economic Policy Research (Great Britain)) ;$vno. 9843.
=830  \0$aDiscussion paper (Centre for Economic Policy Research (Great Britain)).$pInternational macroeconomics.
=852  41$aBritish Library$bHMNTS$jYC.2015.a.662
=856  40$uhttp://www.cepr.org/pubs/dps/DP9843
=985  \\$aLDLSCP record - no ISBN match on import to BLL01
=CAT  \\$aBATCH-LDLN$b00$c20140505$lBLL01$h2126
=CAT  \\$a12666$b40$c20141216$lBLL01$h0913
=CAT  \\$a6550$b40$c20150108$lBLL01$h1231
=CAT  \\$aBATCH-MBS$c20150123$lBLL01$h2200
=CAT  \\$aWR16_021$c20160714$lBLL01$h1810
=CAT  \\$aBATCH-UPD$b00$c20160714$lBLL01$h1909
=FIN  \\$aY$d20150108
=FMT  \\$a  BK
=LAS  \\$aBATCH-UPD$b00$c20160714$lBLL01$h1909

