=LDR  02452aam a2200529 i 4500
=001  016726990
=003  Uk
=005  20150113142622.0
=008  140410s2014\\\\enka\\\\\b\\\\000\0\eng\c
=015  \\$aGBB454275$2bnb
=016  7\$a016726990$2Uk
=020  \\$qpaperback
=035  \\$a(WlAbNL)vtls006732028
=040  \\$aStEdALDL$beng$cStEdALDL$dWlAbNL$dUk$erda
=042  \\$aukscp
=082  04$a658.8342$223
=100  1\$aEliaz, Kfir,$eauthor.
=245  10$aX-games /$cKfir Eliaz, Tel Aviv University, University of Michigan and CEPR, Rani Spiegler, Tel Aviv University, University College London and CEPR.
=264  \1$aLondon :$bCentre for Economic Policy Research,$cFebruary 2014.
=300  \\$a17 pages :$billustrations ;$c21 cm.
=336  \\$atext$btxt$2rdacontent
=337  \\$aunmediated$bn$2rdamedia
=338  \\$avolume$bnc$2rdacarrier
=490  1\$aDiscussion paper series,$x0265-8003 ;$vno. 9814
=500  \\$aCaption title.
=504  \\$aIncludes bibliographical references (pages 16-17).
=520  \\$aWhat is common to the following situations: incentivizing collective action in the presence of social preferences, monopoly pricing when consumers are loss averse, arms races when players are privately informed of their armament costs? We present a simple formalism, called X-games, which unifies these situations as well as others, and use it to unify and extend the separate analyses that they received in the literature.
=650  \0$aConsumer behavior.
=650  \0$aPricing.
=650  \0$aMarketing$xEconometric models.
=650  \0$aCompetition$xEconometric models.
=690  7\$aManagement and Business Studies$2blcoll
=700  1\$aSpiegler, Ran,$eauthor.
=710  2\$aCentre for Economic Policy Research (Great Britain)
=830  \0$aDiscussion paper (Centre for Economic Policy Research (Great Britain)).$pIndustrial organization ;$vno. 9814.
=852  41$aBritish Library$bHMNTS$jYC.2015.a.1150
=856  40$uhttp://www.cepr.org/pubs/dps/DP9814
=985  \\$aLDLSCP record - no ISBN match on import to BLL01
=CAT  \\$aBATCH-LDLN$b00$c20140526$lBLL01$h2120
=CAT  \\$a12666$b40$c20141211$lBLL01$h0919
=CAT  \\$a8201$b40$c20150113$lBLL01$h1426
=CAT  \\$aBATCH-MBS$c20150130$lBLL01$h2151
=CAT  \\$aWR16_021$c20160715$lBLL01$h1804
=CAT  \\$aBATCH-UPD$b00$c20160715$lBLL01$h1821
=FIN  \\$aY$d20150113
=FMT  \\$a  BK
=LAS  \\$aBATCH-UPD$b00$c20160715$lBLL01$h1821

