=LDR  02849aam a2200529 i 4500
=001  016726992
=003  Uk
=005  20150112143614.0
=008  140408s2014\\\\enkad\\\\b\\\\000\0\eng\c
=015  \\$aGBB454277$2bnb
=016  7\$a016726992$2Uk
=020  \\$qpaperback
=035  \\$a(WlAbNL)vtls006732036
=040  \\$aStEdALDL$beng$cStEdALDL$dWlAbNL$dUk$erda
=042  \\$aukscp
=082  04$a382.015118$223
=100  10$aHead, Keith,$eauthor.
=245  10$aWelfare and trade without Pareto.$pInternational Trade and Regional Economics /$cKeith Head, University of British Columbia and CEPR, Thierry Mayer, Sciences Po, CEPII and CEPR, Mathias Thoenig, University of Lausanne and CEPR.
=264  \1$aLondon :$bCentre for Economic Policy Research,$cFebruary 2014.
=300  \\$a20 pages :$billustrations, charts ;$c21 cm.
=336  \\$atext$btxt$2rdacontent
=336  \\$astill image$bsti$2rdacontent
=337  \\$aunmediated$bn$2rdamedia
=338  \\$avolume$bnc$2rdacarrier
=490  1\$aDiscussion paper series,$x0265-8003 ;$vno. 9826
=500  \\$aCaption title.
=504  \\$aIncludes bibliographical references (pages 9, 19-20).
=520  \\$aQuantifications of gains from trade in heterogeneous firm models assume that productivity is Pareto distributed. Replacing this assumption with log-normal heterogeneity retains some useful Pareto features, while providing a substantially better fit to sales distributions -- especially in the left tail. The cost of log-normal is that gains from trade depend on the method of calibrating the fixed cost and productivity distribution parameters. When set to match the size distribution of firm sales in a given market, the log-normal assumption delivers gains from trade in a symmetric two country model that can be twice as large as under the Pareto assumption.
=650  \0$aInternational trade$xEconometric models.
=650  \0$aIndustrial management$xEconometric models.
=690  7\$aManagement and Business Studies$2blcoll
=700  1\$aMayer, Thierry,$eauthor.
=700  1\$aThoenig, Mathias,$eauthor.
=710  2\$aCentre for Economic Policy Research (Great Britain)
=830  \0$aDiscussion paper (Centre for Economic Policy Research (Great Britain)).$pInternational trade and regional economics ;$vno. 9826.
=852  41$aBritish Library$bHMNTS$jYC.2015.a.650
=856  40$uhttp://www.cepr.org/pubs/dps/DP9826
=985  \\$aLDLSCP record - no ISBN match on import to BLL01
=CAT  \\$aBATCH-LDLN$b00$c20140526$lBLL01$h2120
=CAT  \\$a12666$b40$c20141216$lBLL01$h1134
=CAT  \\$a6550$b40$c20150112$lBLL01$h1436
=CAT  \\$aBATCH-MBS$c20150123$lBLL01$h2200
=CAT  \\$aWR16_021$c20160715$lBLL01$h1804
=CAT  \\$aBATCH-UPD$b00$c20160715$lBLL01$h1821
=FIN  \\$aY$d20150112
=FMT  \\$a  BK
=LAS  \\$aBATCH-UPD$b00$c20160715$lBLL01$h1821

