=LDR  02800 am a2200505 i 4500
=001  016726993
=003  Uk
=005  20150121105334.0
=008  140408s2014\\\\enkda\\\\b\\\\000\0\eng\c
=015  \\$aGBB454278$2bnb
=016  7\$a016726993$2Uk
=020  \\$qPaperback
=035  \\$a(WlAbNL)vtls006732044
=040  \\$aStEdALDL$beng$cStEdALDL$dWlAbNL$dUk$erda
=042  \\$aukscp
=082  04$a338.523$223
=100  1\$aCabral, Luís M. B.,$eauthor.
=245  10$aWe're number 1 :$bprice wars for market share leadership : industrial organization /$cLuís M B Cabral, New York University and CEPR.
=264  \1$aLondon :$bCentre for Economic Policy Research,$c2014.
=300  \\$a34 pages :$billustrations, charts ;$c21 cm.
=336  \\$atext$btxt$2rdacontent
=336  \\$astill image$bsti$2rdacontent
=337  \\$aunmediated$bn$2rdamedia
=338  \\$avolume$bnc$2rdacarrier
=490  1\$aDiscussion paper series,$x0265-8003 ;$vno. 9818
=500  \\$aCaption title.
=504  \\$aIncludes bibliographical references (pages 32-34).
=520  \\$aI examine the dynamics of oligopolies when firms derive subjective value from being the market leader. In equilibrium, prices alternate in tandem between high levels and occasional price wars, which take place when market shares are similar and market leadership is at stake. The stationary distribution of market shares is typically multi-modal, that is, much of the time there is a stable market leader. Even though shareholders do not value market leadership per se, a corporate culture that values market leadership may increase shareholder value. From a competition policy point of view, the paper implies that price regime change dynamics and parallel pricing are consistent with competitive behavior -- in fact, hyper-competitive behavior.
=588  \\$aDescription based on online resource; title from www.cepr.org/pubs/dps/DP9818 viewed February 20, 2014.
=650  \0$aCompetition$xEconometric models.
=650  \0$aOligopolies$xEconometric models.
=690  7\$aManagement and Business Studies$2blcoll
=710  2\$aCentre for Economic Policy Research (Great Britain),$epublisher.
=830  \0$aDiscussion paper (Centre for Economic Policy Research (Great Britain)).$pIndustrial organization ;$vno. 9818.
=852  41$aBritish Library$bHMNTS$jYKL.2015.a.1023
=856  40$uhttp://www.cepr.org/pubs/dps/DP9818
=985  \\$aLDLSCP record - no ISBN match on import to BLL01
=CAT  \\$aBATCH-LDLN$b00$c20140526$lBLL01$h2120
=CAT  \\$a8964$b40$c20150121$lBLL01$h1053
=CAT  \\$aBATCH-MBS$c20150130$lBLL01$h2151
=CAT  \\$aWR16_021$c20160715$lBLL01$h1804
=CAT  \\$aBATCH-UPD$b00$c20160715$lBLL01$h1821
=FIN  \\$aY$d20150121
=FMT  \\$a  BK
=LAS  \\$aBATCH-UPD$b00$c20160715$lBLL01$h1821

