=LDR  03262aam a2200565 i 4500
=001  016782874
=003  Uk
=005  20150811120941.0
=008  140501s2014\\\\enka\\\\\b\\\\000\0\eng\c
=015  \\$aGBB470866$2bnb
=016  7\$a016782874$2Uk
=035  \\$a(WlAbNL)vtls006749774
=040  \\$aGZM$beng$cGZM$dWlAbNL$dUk$erda
=042  \\$aukscp
=082  04$a331.4094209$223
=100  1\$aHumphries, Jane,$d1948-$eauthor.
=245  14$aThe wages of women in England, 1260-1850 /$cJane Humphries, Jacob Weisdorf.
=264  \1$aLondon :$bCentre for Economic Policy Research,$c2014.
=300  \\$a41 pages :$billustrations ;$c21 cm.
=336  \\$atext$btxt$2rdacontent
=337  \\$aunmediated$bn$2rdamedia
=338  \\$avolume$bnc$2rdacarrier
=490  1\$aDiscussion paper series,$x0265-8003 ;$vno. 9903
=500  \\$a"March 2014."
=504  \\$aIncludes bibliographical references (pages 27-41).
=520  \\$aThis paper presents a wage series for unskilled English women workers from 1260 to 1850 and compares it with existing evidence for men. Our series cast light on long run trends in women's agency and wellbeing, revealing an intractable, indeed widening gap between women and men's remuneration in the centuries following the Black Death. This informs several recent debates: first whether or not "the golden age of the English peasantry" included women; and second whether or not industrialization provided women with greater opportunities. Our contributions to both debates have implications for analyses of growth and trends in wellbeing. If the rise in wages that followed the Black Death enticed female servants to delay marriage, it contributed to the formation of the European Marriage Pattern, a demographic regime which positioned England on a path to modern economic growth. If the industrial revolution provided women with improved economic options, their gains should be included in any overall assessment of trends in the standard of living.
=530  \\$aAlso issued online.
=588  \\$aDescription based on online resource; title from www.cepr.org/pubs/dps/DP9903 viewed May 1, 2014.
=650  \0$aWomen$zEngland$xSocial conditions.
=650  \0$aWomen$zEngland$xEconomic conditions.
=650  \0$aWomen$xEmployment$zEngland$xHistory.
=690  7\$aManagement and Business Studies$2blcoll
=690  7\$aSocial Welfare$2blcoll
=700  1\$aWeisdorf, Jacob,$eauthor.
=710  2\$aCentre for Economic Policy Research (Great Britain)
=830  \0$aDiscussion paper (Centre for Economic Policy Research (Great Britain)).$pEconomic history ;$vno. 9903.
=852  41$aBritish Library$bHMNTS$jYC.2015.a.9720
=856  40$uhttp://www.cepr.org/pubs/dps/DP9903
=985  \\$aLDLSCP record - no ISBN match on import to BLL01
=CAT  \\$aBATCH-LDLN$b00$c20140714$lBLL01$h2131
=CAT  \\$a6162$b40$c20150806$lBLL01$h1652
=CAT  \\$a9666$b40$c20150811$lBLL01$h1209
=CAT  \\$aBATCH-MBS$c20150821$lBLL01$h2055
=CAT  \\$aBATCH-UPD$b00$c20150821$lBLL01$h2107
=CAT  \\$aBATCH-SWP$c20150821$lBLL01$h2209
=CAT  \\$aWR16_021$c20160715$lBLL01$h1809
=CAT  \\$aBATCH-UPD$b00$c20160715$lBLL01$h1859
=FIN  \\$aY$d20150811
=FMT  \\$a  BK
=LAS  \\$aBATCH-UPD$b00$c20160715$lBLL01$h1859

