=LDR  03245aam a2200541 i 4500
=001  016800179
=003  Uk
=005  20150824092633.0
=008  140627s2014\\\\enkad\\\\b\\\\000\0\eng\c
=015  \\$aGBB476787$2bnb
=016  7\$a016800179$2Uk
=035  \\$a(WlAbNL)vtls006754642
=040  \\$aWlAbNL$beng$cWlAbNL$dUk$erda
=042  \\$aukscp
=082  04$a332.6$223
=100  1\$aKaplan, Greg,$d1978-$eauthor.
=245  14$aThe wealthy hand-to-mouth /$cGreg Kaplan, Giovanni L. Violante and Justin Weidner.
=264  \1$aLondon :$bCentre for Economic Policy Research,$cApril 2014.
=300  \\$a69 pages :$billustrations, charts ;$c21 cm.
=336  \\$atext$btxt$2rdacontent
=337  \\$aunmediated$bn$2rdamedia
=338  \\$avolume$bnc$2rdacarrier
=490  1\$aDiscussion paper series,$x0265-8003 ;$vno. 9954$aFinancial economics$aInternational macroeconomics$aPublic policy
=500  \\$a"Submitted 18 April 2014."
=504  \\$aIncludes bibliographical references (pages 49-51, 69).
=520  \\$aThe wealthy hand-to-mouth are households who hold little or no liquid wealth (cash, checking, and savings accounts), despite owning sizable amounts of illiquid assets (assets that carry a transaction cost, such as housing or retirement accounts). We use survey data on household portfolios for the U.S., Canada, Australia, the U.K., Germany, France, Italy, and Spain to document the share of such households across countries, their demographic characteristics, the composition of their balance sheets, and the persistence of hand-to-mouth status over the life cycle. The portfolio configuration of the wealthy hand-to-mouth suggests that these households may have a high marginal propensity to consume out of transitory income changes, a prediction for which we find empirical support in PSID data. We explain the implications of this group of consumers for macroeconomic modeling and fiscal policy analysis.
=588  \\$aDescription based on online resource; title from www.cepr.org/pubs/dps/DP9954 viewed May 13, 2014.
=650  \0$aRich people$xFinance, Personal$xEconometric models.
=650  \0$aHouseholds$xFinance, Personal$xEconometric models.
=650  \0$aFinance, Personal$xManagement$xEconometric models.
=650  \0$aAsset allocation$xEconometric models.
=690  7\$aManagement and Business Studies$2blcoll
=700  1\$aViolante, Giovanni L.,$eauthor.
=700  1\$aWeidner, Justin,$eauthor.
=710  2\$aCentre for Economic Policy Research (Great Britain),$epublisher.
=830  \0$aDiscussion paper (Centre for Economic Policy Research (Great Britain)).$pFinancial economics, international macroeconomics and public policy ;$vno. 9954.
=852  41$aBritish Library$bHMNTS$jYK.2015.a.3047
=856  40$uhttp://www.cepr.org/pubs/dps/DP9954
=985  \\$aLDLSCP record - no ISBN match on import to BLL01
=CAT  \\$aBATCH-LDLN$b00$c20140728$lBLL01$h2138
=CAT  \\$a9657$b40$c20150804$lBLL01$h1446
=CAT  \\$a9666$b40$c20150824$lBLL01$h0926
=CAT  \\$aBATCH-UPD$b40$c20160601$lBLL01$h1714
=CAT  \\$aBATCH-MBS$c20160610$lBLL01$h2132
=CAT  \\$aWR16_021$c20160715$lBLL01$h1810
=FIN  \\$aY$d20150824
=FMT  \\$a  BK
=LAS  \\$aWR16_021$b00$c20160715$lBLL01$h1810

