=LDR  02966aam a2200541 i 4500
=001  016800180
=003  Uk
=005  20151015105538.0
=008  140625s2014\\\\enka\\\\\b\\\\000\0\eng\c
=015  \\$aGBB476788$2bnb
=016  7\$a016800180$2Uk
=020  \\$qpaperback
=035  \\$a(WlAbNL)vtls006753964
=040  \\$aWlAbNL$beng$cWlAbNL$dUk$erda
=042  \\$aukscp
=082  04$a361.763$223
=100  1\$aAldashev, Gani,$eauthor.
=245  10$aWhen warm glow burns :$bmotivational (mis)allocation in the non-profit sector /$cGani Aldashev, University of Namur and ECARES, Esteban Jaimovich, University of Surrey, Thierry Verdier, PSE-ENPC and CEPR.
=246  30$aMotivational misallocation in the non-profit sector
=264  \1$aLondon :$bCentre for Economic Policy Research,$c2014.
=300  \\$a51 numbered pages, 10 unnumbered pages :$billustrations ;$c21 cm.
=336  \\$atext$btxt$2rdacontent
=337  \\$aunmediated$bn$2rdamedia
=338  \\$avolume$bnc$2rdacarrier
=490  1\$aDiscussion paper series,$x0265-8003 ;$vno. 9963$aDevelopment economics$aPublic policy
=500  \\$a"May 2014".
=500  \\$a"Submitted 27 April 2014."
=504  \\$aIncludes bibliographical references (pages 47-51).
=520  \\$aWe build an occupational-choice general-equilibrium model of an economy with the non-profit sector financed through private warm-glow donations. Lack of monitoring on the use of funds implies that an increase of funds of the non-profit sector (because of a higher income in the for-profit sector, a stronger preference for giving, or an inflow of foreign aid) worsens the motivational composition and performance of the non-profit sector. If motivated donors give more than unmotivated ones, there exist two stable (motivational) equilibria. Linking donations to the motivational composition of the non-profit sector or a tax-financed public funding of non-profits can eliminate the bad equilibrium.
=650  \0$aGenerosity$xPsychological aspects$xEconometric models.
=650  \0$aFund raising$xEconometric models.
=650  \0$aNonprofit organizations$xEconomic aspects.
=650  \0$aMotivation (Psychology)$xEconometric models.
=690  7\$aSocial Welfare$2blcoll
=700  1\$aJaimovich, Esteban,$eauthor.
=700  1\$aVerdier, Thierry,$d1961-$eauthor.
=710  2\$aCentre for Economic Policy Research (Great Britain),$epublisher.
=830  \0$aDiscussion paper (Centre for Economic Policy Research (Great Britain)).$pPublic policy ;$vno. 9963.
=852  41$aBritish Library$bHMNTS$jYKL.2015.a.12967
=856  40$uhttp://www.cepr.org/pubs/dps/DP9963
=985  \\$aLDLSCP record - no ISBN match on import to BLL01
=CAT  \\$aBATCH-LDLN$b00$c20140728$lBLL01$h2138
=CAT  \\$a7034$b40$c20151015$lBLL01$h1055
=CAT  \\$aBATCH-SWP$c20151027$lBLL01$h1136
=CAT  \\$aWR16_021$c20160715$lBLL01$h1810
=FIN  \\$aY$d20151015
=FMT  \\$a  BK
=LAS  \\$aWR16_021$b00$c20160715$lBLL01$h1810

