=LDR  03084aam a2200493 i 4500
=001  016820679
=003  Uk
=005  20150805085202.0
=008  140625s2014\\\\enkd\\\\\b\\\\000\0\eng\c
=015  \\$aGBB483577$2bnb
=016  7\$a016820679$2Uk
=020  \\$qpaperback
=035  \\$a(WlAbNL)vtls006754016
=040  \\$aWlAbNL$beng$cWlAbNL$dUk$erda
=042  \\$aukscp
=082  04$a330.95693$223
=100  1\$aMichaelides, Alexander G.$q(Alexander George),$d1969-$eauthor.
=245  10$aWhat happened in Cyprus? /$cAlexander Michaelides, Imperial College Business School, University of Cyprus, CFS, NETSPAR and CEPR.
=264  \1$aLondon :$bCentre for Economic Policy Research,$c2014.
=300  \\$a62 pages :$bcharts ;$c22 cm.
=336  \\$atext$btxt$2rdacontent
=337  \\$aunmediated$bn$2rdamedia
=338  \\$avolume$bnc$2rdacarrier
=490  1\$aDiscussion paper series,$x0265-8003 ;$vno. 9993$aDevelopment economics$aInternational macroeconomics
=500  \\$a"May 2014."
=504  \\$aIncludes bibliographical references (pages 43-47).
=520  \\$aThis is a case study of how a country nearly reached bankruptcy in March 2013, within five years from entering the Eurozone. The magnitude of the requested assistance is extremely large relative to GDP (100%) and studying this event provides useful lessons for avoiding such crises in the future. The crisis resulted from a worsening European economic environment (especially in Greece), bad choices with regards to public finances, weak corporate governance within the local banking sector, inadequate and/or difficult regulation of cross-border banking, worsening competitiveness, and bad political decisions at the European and, especially, the local (Cypriot) level. Local politics, reflected in short term political calculations and/or inadequate understanding of the magnitude of the crisis, delayed corrective action for 18 months until election time, making a bad situation almost impossible to deal with. Overconfidence can be one behavioural explanation for why local politicians ignored the dramatic costs of inaction.
=588  \\$aDescription based on online resource; title from www.cepr.org/pubs/dps/DP9993 viewed May 29, 2014.
=651  \0$aCyprus$xEconomic conditions.
=690  7\$aManagement and Business Studies$2blcoll
=710  2\$aCentre for Economic Policy Research (Great Britain),$epublisher.
=830  \0$aDiscussion paper (Centre for Economic Policy Research (Great Britain)).$pInternational macroeconomics ;$vno. 9993.
=852  41$aBritish Library$bHMNTS$jYK.2015.a.2823
=856  40$uhttp://www.cepr.org/pubs/dps/DP9993
=985  \\$aLDLSCP record - no ISBN match on import to BLL01
=CAT  \\$aBATCH-LDLN$b00$c20140811$lBLL01$h2134
=CAT  \\$a6632$b40$c20150731$lBLL01$h1549
=CAT  \\$a9666$b40$c20150805$lBLL01$h0852
=CAT  \\$aBATCH-MBS$c20150814$lBLL01$h2053
=CAT  \\$aWR16_021$c20160715$lBLL01$h1812
=CAT  \\$aBATCH-UPD$b00$c20160715$lBLL01$h1929
=FIN  \\$aY$d20150805
=FMT  \\$a  BK
=LAS  \\$aBATCH-UPD$b00$c20160715$lBLL01$h1929

