=LDR  03727aam a2200613 i 4500
=001  016820680
=003  Uk
=005  20150811112516.0
=008  140625s2014\\\\enka\\\\\b\\\\000\0\eng\c
=015  \\$aGBB483578$2bnb
=016  7\$a016820680$2Uk
=035  \\$a(WlAbNL)vtls006753974
=040  \\$aWlAbNL$beng$cWlAbNL$dUk$erda
=042  \\$aukscp
=082  04$a332.17522$223
=100  1\$aKollmann, Robert Miguel W. K.,$d1963-$eauthor.
=245  10$aWhat drives the German current account? :$band how does it affect other EU member states? /$cRobert Kollmann, ECARES, Marco Ratto, European Commission, Werner Roeger, European Commission, Jan in't Veld, European Commission, Lukas Vogel, European Commission.
=264  \1$aLondon :$bCentre for Economic Policy Research,$c2014.
=300  \\$a60 pages :$billustrations ;$c21 cm.
=336  \\$atext$btxt$2rdacontent
=336  \\$astill image$bsti$2rdacontent
=337  \\$aunmediated$bn$2rdamedia
=338  \\$avolume$bnc$2rdacarrier
=490  1\$aDiscussion paper series,$x0265-8003 ;$vno. 9933$aInternational macroeconomics
=500  \\$aOn CEPR webpage, authors listed as: Jan In'T Veld, Robert Kollmann, Marco Ratto, Werner Roeger, Lukas Vogel.
=500  \\$a"April 2014."
=500  \\$a"Submitted 26 March 2014."
=504  \\$aIncludes bibliographical references (pages 25-27).
=520  \\$aWe estimate a three-country model using 1995-2013 data for Germany, the Rest of the Euro Area (REA) and the Rest of the World (ROW) to analyze the determinants of Germany's current account surplus after the launch of the Euro. The most important factors driving the German surplus were positive shocks to the German saving rate and to ROW demand for German exports, as well as German labour market reforms and other positive German aggregate supply shocks. The convergence of REA interest rates to German rates due to the creation of the Euro only had a modest effect on the German current account and on German real activity. The key shocks that drove the rise in the German current account tended to worsen the REA trade balance, but had a weak effect on REA real activity. Our analysis suggests these driving factors are likely to be slowly eroded, leading to a very gradual reduction of the German current account surplus. An expansion in German government consumption and investment would raise German GDP and reduce the current account surplus, but the effects on the surplus are likely to be weak.
=530  \\$aAlso issued online.
=650  \0$aBalance of payments$zGermany.
=650  \0$aEurozone.
=651  \0$aGermany$xEconomic conditions$y1990-
=690  7\$aManagement and Business Studies$2blcoll
=700  1\$aRatto, Marco,$eauthor.
=700  1\$aRöger, Werner,$eauthor.
=700  1\$aVeld, Jan in 't,$d1962-$eauthor.
=700  1\$aVogel, Lukas,$d1976-$eauthor.
=710  2\$aCentre for Economic Policy Research (Great Britain),$epublisher.
=830  \0$aDiscussion paper (Centre for Economic Policy Research (Great Britain)).$pInternational macroeconomics ;$vno. 9933.
=852  41$aBritish Library$bHMNTS$jYKL.2015.a.9659
=856  40$uhttp://www.cepr.org/pubs/dps/DP9933
=985  \\$aLDLSCP record - no ISBN match on import to BLL01
=CAT  \\$aBATCH-LDLN$b00$c20140811$lBLL01$h2134
=CAT  \\$aBATCH-UPD$b00$c20140811$lBLL01$h2135
=CAT  \\$a6162$b40$c20150806$lBLL01$h1648
=CAT  \\$a9666$b40$c20150811$lBLL01$h1125
=CAT  \\$aBATCH-MBS$c20150821$lBLL01$h2055
=CAT  \\$aBATCH-UPD$b00$c20150821$lBLL01$h2107
=CAT  \\$aWR16_021$c20160715$lBLL01$h1812
=CAT  \\$aBATCH-UPD$b00$c20160715$lBLL01$h1929
=FIN  \\$aY$d20150811
=FMT  \\$a  BK
=LAS  \\$aBATCH-UPD$b00$c20160715$lBLL01$h1929

