=LDR  02880 am a2200529 i 4500
=001  016867224
=003  Uk
=005  20151208170358.0
=008  140909s2014\\\\enk\\\\\\b\\\\000\0\eng\c
=015  \\$aGBB499161$2bnb
=016  7\$a016867224$2Uk
=035  \\$a(IeDuTC)b157879884
=040  \\$aIeDuTC$beng$cIeDuTC$dUk$erda
=042  \\$aukscp
=082  04$a339.2$223
=100  1\$aCorneo, Giacomo G.,$eauthor.
=245  10$aDemocratic redistribution and the rule of the majority /$cGiacomo Corneo and Frank Neher.
=264  \1$aLondon :$bCentre for Economic Policy Research,$c2014.
=300  \\$a39 pages ;$c21 cm.
=336  \\$atext$2rdacontent
=337  \\$aunmediated$2rdamedia
=338  \\$avolume$2rdacarrier
=490  1\$aDiscussion paper series,$x0265-8003 ;$vno. 10086.$aPublic policy
=500  \\$a"July 2014."
=500  \\$a"Submitted 21 July 2014."
=504  \\$aIncludes bibliographical references.
=520  \\$aDoes redistribution in democracies cater to the will of the majority? We propose and apply a simple empirical strategy based on survey data to address that longstanding issue. Differently from previous evaluations of the median-voter theory, ours does not assume that voters are guided by pecuniary motives alone. We find that most democracies do implement the amount of redistribution advocated by the median voter and the probability to serve the median voter increases with the quality of democracy. However, we detect a non-negligible share of democracies that implement a minority-backed amount of redistribution. Such outcomes cannot be explained by political absenteeism of the poor. They can be explained by the electoral bundling of redistribution with values and rights issues--$cProvided by publisher.
=650  \0$aIncome distribution$xEconometric models.
=650  \0$aDistribution (Economic theory)$xPolitical aspects.
=650  \0$aDemocracy$xEconomic aspects$xEconometric models.
=690  7\$aManagement and Business Studies$2blcoll
=700  1\$aNeher, Frank,$eauthor.
=710  2\$aCentre for Economic Policy Research (Great Britain),$epublisher.
=830  \0$aDiscussion paper (Centre for Economic Policy Research (Great Britain)) ;$vno. 10086.
=830  \0$aDiscussion paper (Centre for Economic Policy Research (Great Britain)).$pPublic policy.
=852  41$aBritish Library$bHMNTS$jYC.2015.a.15062
=856  40$uhttp://www.cepr.org/pubs/dps/DP10086
=985  \\$aLDLSCP record - no ISBN match on import to BLL01
=CAT  \\$aBATCH-LDLN$b00$c20140915$lBLL01$h2131
=CAT  \\$aBATCH-UPD$b00$c20140915$lBLL01$h2131
=CAT  \\$a7143$b40$c20151208$lBLL01$h1703
=CAT  \\$aBATCH-MBS$c20151218$lBLL01$h2107
=CAT  \\$aWR16_021$c20160715$lBLL01$h1817
=CAT  \\$aBATCH-UPD$b00$c20180205$lBLL01$h2027
=FIN  \\$aY$d20151208
=FMT  \\$a  BK
=LAS  \\$aBATCH-UPD$b00$c20180205$lBLL01$h2027

