=LDR  03138aam a2200553 i 4500
=001  016867225
=003  Uk
=005  20151030130229.0
=008  140909s2014\\\\enkd\\\\\b\\\\000\0\eng\c
=015  \\$aGBB499162$2bnb
=016  7\$a016867225$2Uk
=035  \\$a(IeDuTC)b157879914
=040  \\$aIeDuTC$beng$cIeDuTC$dUk$erda
=042  \\$aukscp
=082  04$a382.6091724$223
=100  1\$aCarrère, Céline,$eauthor.
=245  10$aDeveloping countries exports survival in the OECD :$bdoes experience matter? /$cCéline Carrère and Vanessa Strauss-Kahn.
=264  \1$aLondon :$bCentre for Economic Policy Research,$c2014.
=300  \\$a31 pages :$bgraphs ;$c21 cm.
=336  \\$atext$2rdacontent
=337  \\$aunmediated$2rdamedia
=338  \\$avolume$2rdacarrier
=490  1\$aDiscussion paper series,$x0265-8003 ;$vno. 10059.$aInternational trade and regional economics
=500  \\$a"July 2014."
=500  \\$a"Submitted 28 February 2014."
=504  \\$aIncludes bibliographical references.
=520  \\$aThis paper focuses on developing countries that export for the first time to the OECD and obtains several important results on export dynamic, linking exports experience and exports survival. Using product level data at the SITC 5 digit level for 114 developing countries on the 1962-2009 period, we show that prior exports experience obtained in non-OCDE markets increases survival in the OECD market. The effect of experience depreciates however rapidly with time: gaining experience for more than two years is worthless. Moreover, a break in export experience prior to entering the OECD reduces the benefit on survival. Geographic export dynamic reveals that experience is acquired in neighbor, easy to access markets before reaching more distant, richer partners and ultimately serving the OECD. Where the experience is acquired does not however matter for survival--$cProvided by publisher.
=650  \0$aExports$zDeveloping countries.
=650  \0$aFree trade$zDeveloping countries.
=650  \0$aForeign trade promotion$zDeveloping countries.
=650  \0$aInternational trade.
=690  7\$aManagement and Business Studies$2blcoll
=700  1\$aStrauss-Kahn, Vanessa,$eauthor.
=710  2\$aCentre for Economic Policy Research (Great Britain),$epublisher.
=830  \0$aDiscussion paper (Centre for Economic Policy Research (Great Britain)) ;$vno. 10059.
=830  \0$aDiscussion paper (Centre for Economic Policy Research (Great Britain)).$pInternational trade and regional economics.
=852  41$aBritish Library$bHMNTS$jYKL.2015.a.13844
=856  40$uhttp://www.cepr.org/pubs/dps/DP10059
=985  \\$aLDLSCP record - no ISBN match on import to BLL01
=CAT  \\$aBATCH-LDLN$b00$c20140915$lBLL01$h2131
=CAT  \\$a7183$b40$c20151022$lBLL01$h1528
=CAT  \\$a6989$b40$c20151030$lBLL01$h1259
=CAT  \\$a6989$b40$c20151030$lBLL01$h1302
=CAT  \\$aBATCH-MBS$c20151106$lBLL01$h2048
=CAT  \\$aWR16_021$c20160715$lBLL01$h1817
=CAT  \\$aBATCH-UPD$b00$c20170930$lBLL01$h1717
=FIN  \\$aY$d20151030
=FMT  \\$a  BK
=LAS  \\$aBATCH-UPD$b00$c20170930$lBLL01$h1717

