=LDR  03246 am a2200553 i 4500
=001  016897044
=003  Uk
=005  20151208163934.0
=008  140819s2014\\\\enka\\\\\b\\\\000\0\eng\c
=015  \\$aGBB4B5559$2bnb
=016  7\$a016897044$2Uk
=020  \\$qpaperback
=035  \\$a(WlAbNL)vtls006773602
=040  \\$aGZM$beng$cGZM$dWlAbNL$dUk$erda
=042  \\$aukscp
=082  04$a330.16$223
=100  1\$aPiketty, Thomas,$d1971-$eauthor.
=245  10$aWealth and inheritance in the long run /$cThomas Piketty, Paris School of Economics and CEPR [and] Gabriel Zucman, London School of Economics and University of California, Berkeley.
=264  \1$aLondon :$bCentre for Economic Policy Research,$cJuly 2014.
=300  \\$a60 numbered pages, 32 unnumbered pages :$billustrations ;$c21 cm.
=336  \\$atext$btxt$2rdacontent
=337  \\$aunmediated$bn$2rdamedia
=338  \\$avolume$bnc$2rdacarrier
=490  1\$aDiscussion paper series,$x0265-8003 ;$vno. 10072
=500  \\$a"Submitted 15 July 2014."
=504  \\$aIncludes bibliographical references (pages 57-60).
=520  \\$aThis article offers an overview of the empirical and theoretical research on the long run evolution of wealth and inheritance. Wealth-income ratios, inherited wealth, and wealth inequalities were high in the 18th-19th centuries up until World War 1, then sharply dropped during the 20th century following World War shocks, and have been rising again in the late 20th and early 21st centuries. We discuss the models that can account for these facts. We show that over a wide range of models, the long run magnitude and concentration of wealth and inheritance are an increasing function of r -- g, where r is the net-of-tax rate of return on wealth and g is the economy's growth rate. This suggests that current trends toward rising wealth-income ratios and wealth inequality might continue during the 21st century, both because of the slowdown of population and productivity growth, and because of rising international competition to attract capital.
=530  \\$aAlso issued online.
=588  \\$aDescription based on online resource; title from www.cepr.org/pubs/dps/DP10072 viewed August 19, 2014.
=650  \0$aIncome distribution$xEconometric models.
=650  \0$aWealth$xEconometric models.
=650  \0$aWelfare economics.
=690  7\$aManagement and Business Studies$2blcoll
=700  1\$aZucman, Gabriel,$eauthor.
=710  2\$aCentre for Economic Policy Research (Great Britain),$epublisher.
=830  \0$aDiscussion paper (Centre for Economic Policy Research (Great Britain)).$pPublic policy ;$vno. 10072.
=852  41$aBritish Library$bHMNTS$jYK.2015.a.4541
=856  40$uhttp://www.cepr.org/pubs/dps/DP10072
=985  \\$aLDLSCP record - no ISBN match on import to BLL01
=CAT  \\$aBATCH-LDLN$b00$c20141020$lBLL01$h2130
=CAT  \\$aBATCH-UPD$b00$c20141020$lBLL01$h2130
=CAT  \\$aBATCH-UPD$b00$c20150819$lBLL01$h2023
=CAT  \\$aBATCH-UPD$b00$c20150826$lBLL01$h2110
=CAT  \\$a7143$b40$c20151208$lBLL01$h1639
=CAT  \\$aBATCH-MBS$c20151218$lBLL01$h2107
=CAT  \\$aWR16_021$c20160715$lBLL01$h1821
=FIN  \\$aY$d20151208
=FMT  \\$a  BK
=LAS  \\$aWR16_021$b00$c20160715$lBLL01$h1821

