=LDR  03332aam a2200541 i 4500
=001  016897045
=003  Uk
=005  20151209114217.0
=008  140813s2014\\\\enka\\\\\b\\\\000\0\eng\c
=015  \\$aGBB4B5560$2bnb
=016  7\$a016897045$2Uk
=020  \\$qpaperback
=035  \\$a(WlAbNL)vtls006773689
=040  \\$aGZM$beng$cGZM$dWlAbNL$dUk$erda
=042  \\$aukscp
=082  04$a331.256$223
=100  1\$aHuber, Martin,$d1980-$eauthor.
=245  10$aWorkplace health promotion and labour market performance of employees /$cMartin Huber, University of St Gallen, Swiss Institute for Empirical Economic Research (SEW), Michael Lechner, University of St Gallen, Swiss Institute for Empirical Economic Research (SEW) and CEPR [and] Conny Wunsch, University of Basel.
=264  \1$aLondon :$bCentre for Economic Policy Research,$cJuly 2014.
=300  \\$a38 pages :$billustrations ;$c21 cm.
=336  \\$atext$btxt$2rdacontent
=336  \\$astill image$bsti$2rdacontent
=337  \\$aunmediated$bn$2rdamedia
=338  \\$avolume$bnc$2rdacarrier
=490  1\$aDiscussion paper series,$x0265-8003 ;$vno. 10055
=500  \\$a"Submitted 28 June 2014."
=504  \\$aIncludes bibliographical references (pages 26-27).
=520  \\$aThis paper investigates the average effects of (firm-provided) workplace health promotion measures in form of the analysis of sickness absenteeism and health circles/courses on labour market outcomes of the firms' employees. Exploiting linked employer-employee panel data that consist of rich survey-based and administrative information on firms, workers and regions, we apply a flexible propensity score matching approach that controls for selection on observables as well as on time-constant unobserved factors. While the effects of analysing sickness absenteeism appear to be rather limited, our results suggest that health circles/courses increase tenure and decrease the number of job changes across various age groups. A key finding is that health circles/courses strengthen the labour force attachment of elderly employees (51-60), implying potential cost savings for public transfer schemes such as unemployment or early retirement benefits.
=588  \\$aDescription based on online resource; title from www.cepr.org/pubs/dps/DP10055 viewed August 13, 2014.
=650  \0$aAbsenteeism (Labor)$xEconomic aspects.
=650  \0$aEmployee health promotion$xEconomic aspects.
=690  7\$aManagement and Business Studies$2blcoll
=700  1\$aLechner, Michael,$d1962-$eauthor.
=700  1\$aWunsch, Conny,$eauthor.
=710  2\$aCentre for Economic Policy Research (Great Britain),$epublisher.
=830  \0$aDiscussion paper (Centre for Economic Policy Research (Great Britain)).$pLabour economics ;$vno. 10055.
=852  41$aBritish Library$bHMNTS$jYKL.2015.a.16326
=856  40$uhttp://www.cepr.org/pubs/dps/DP10055
=985  \\$aLDLSCP record - no ISBN match on import to BLL01
=CAT  \\$aBATCH-LDLN$b00$c20141020$lBLL01$h2130
=CAT  \\$aBATCH-UPD$b00$c20151116$lBLL01$h1207
=CAT  \\$a11325$b40$c20151209$lBLL01$h1140
=CAT  \\$a11325$b40$c20151209$lBLL01$h1142
=CAT  \\$aBATCH-MBS$c20151218$lBLL01$h2107
=CAT  \\$aWR16_021$c20160715$lBLL01$h1821
=FIN  \\$aY$d20151209
=FMT  \\$a  BK
=LAS  \\$aWR16_021$b00$c20160715$lBLL01$h1821

