=LDR  02947aam a2200481 i 4500
=001  016897046
=003  Uk
=005  20151209143435.0
=008  140826s2014\\\\enk\\\\\\b\\\\000\0\eng\c
=015  \\$aGBB4B5561$2bnb
=016  7\$a016897046$2Uk
=020  \\$qpaperback
=035  \\$a(WlAbNL)vtls006773685
=040  \\$aGZM$beng$cGZM$dWlAbNL$dUk$erda
=042  \\$aukscp
=082  04$a333.7$223
=100  1\$aDreher, Axel,$eauthor.
=245  10$aWeapons of choice /$cAxel Dreher, Heidelberg University, KOF Swiss Economic Institute, Georg-August University Göttingen, IZA, CESifo and CEPR [and] Merle Kreibaum, Georg-August University Göttingen.
=264  \1$aLondon :$bCentre for Economic Policy Research,$cJuly 2014.
=300  \\$a26 pages ;$c21 cm.
=336  \\$atext$btxt$2rdacontent
=337  \\$aunmediated$bn$2rdamedia
=338  \\$avolume$bnc$2rdacarrier
=490  1\$aDiscussion paper series,$x0265-8003 ;$vno. 10082
=500  \\$a"Submitted 15 July 2014."
=504  \\$aIncludes bibliographical references (pages 16-18).
=520  \\$aWe investigate the effect of natural resources on whether ethno-political groups choose to pursue their goals with peaceful as compared to violent means, distinguishing terrorism from insurgencies. We hypothesize that organizations are more likely to resort to terrorism rather than rebellion in richer countries where population mobilization is more difficult. We use data from the Minorities at Risk Organizational Behavior (MAROB) project, covering 118 organizations in 13 countries of the Middle East and North Africa over the 1980-2004 period. Our multinomial logit models combine group- and country-specific information and show that ethno-political groups are more likely to resort to rebellion rather than using peaceful means or becoming terrorists when representing regions rich in oil. Groups that participate in exerting power over their region are less likely to turn to large-scale violence.
=588  \\$aDescription based on online resource; title from www.cepr.org/pubs/dps/DP10082 viewed August 26, 2014.
=650  \0$aNatural resources$xPolitical aspects$xEconometric models.
=650  \0$aPetroleum industry and trade$xPolitical aspects$xEconometric models.
=650  \0$aPolitical violence$xEconometric models.
=700  1\$aKreibaum, Merle,$eauthor.
=710  2\$aCentre for Economic Policy Research (Great Britain),$epublisher.
=830  \0$aDiscussion paper (Centre for Economic Policy Research (Great Britain)).$pPublic policy ;$vno. 10082.
=852  41$aBritish Library$bHMNTS$jYKL.2015.a.16122
=856  40$uhttp://www.cepr.org/pubs/dps/DP10082
=985  \\$aLDLSCP record - no ISBN match on import to BLL01
=CAT  \\$aBATCH-LDLN$b00$c20141020$lBLL01$h2130
=CAT  \\$a5751$b40$c20151209$lBLL01$h1434
=CAT  \\$aWR16_021$c20160715$lBLL01$h1821
=FIN  \\$aY$d20151209
=FMT  \\$a  BK
=LAS  \\$aWR16_021$b00$c20160715$lBLL01$h1821

