=LDR  02940aam a2200517 i 4500
=001  016910217
=003  Uk
=005  20151130150557.0
=008  140902s2014\\\\enk\\\\\\b\\\\000\0\eng\c
=015  \\$aGBB4B8474$2bnb
=016  7\$a016910217$2Uk
=035  \\$a(IeDuTC)b158909707
=040  \\$aIeDuTC$beng$cIeDuTC$dUk$erda
=042  \\$aukscp
=082  04$a338.83$223
=100  1\$aMeier, Jean-Marie A.,$eauthor.
=245  10$aDistressed acquisitions /$cJean-Marie A. Meier and Henri Servaes.
=264  \1$aLondon :$bCentre for Economic Policy Research,$c2014.
=300  \\$a51 pages ;$c21 cm.
=336  \\$atext$2rdacontent
=337  \\$aunmediated$2rdamedia
=338  \\$avolume$2rdacarrier
=490  1\$aDiscussion paper series,$x0265-8003 ;$vno. 10093$aFinancial economics
=500  \\$a"August 2014."
=500  \\$a"Submitted 28 July 2014."
=504  \\$aIncludes bibliographical references (pages 30-32).
=520  \\$aFirms that buy distressed and bankrupt companies or some of these companies' assets earn excess returns that are at least 1.6 percentage points higher than when they make regular acquisitions. These returns come at the expense of the target firm's shareholders, while overall wealth gains are not affected. Returns to acquirers of distressed assets are higher when fewer large firms operate in the target firm's industry, and when firms in the target's industry have lower liquidity, and are financially constrained, thus limiting the number of potential buyers. They are lower when the M&A market in the target firm's industry is more vibrant, when the target's assets have more alternative uses, and when the economy is doing well. This evidence is consistent with the view that some firms can take advantage of fire sales by distressed and bankrupt companies needing to sell assets while restructuring.
=650  \0$aConsolidation and merger of corporations$xEconometric models.
=650  \0$aCorporations$xFinance$xEconometric models.
=650  \0$aCorporate reorganizations$xEconometric models.
=690  7\$aManagement and Business Studies$2blcoll
=700  1\$aServaes, Henri Juliaan,$eauthor.
=710  2\$aCentre for Economic Policy Research (Great Britain),$epublisher.
=830  \0$aDiscussion paper (Centre for Economic Policy Research (Great Britain)) ;$vno. 10093.
=830  \0$aDiscussion paper (Centre for Economic Policy Research (Great Britain)).$pFinancial economics.
=852  41$aBritish Library$bHMNTS$jYK.2015.a.4444
=856  40$uhttp://www.cepr.org/pubs/dps/DP10093
=985  \\$aLDLSCP record - no ISBN match on import to BLL01
=CAT  \\$aBATCH-LDLN$b00$c20141027$lBLL01$h2127
=CAT  \\$a7164$b40$c20151118$lBLL01$h1538
=CAT  \\$a9666$b40$c20151130$lBLL01$h1505
=CAT  \\$aBATCH-MBS$c20151204$lBLL01$h2051
=CAT  \\$aWR16_021$c20160715$lBLL01$h1822
=FIN  \\$aY$d20151130
=FMT  \\$a  BK
=LAS  \\$aWR16_021$b00$c20160715$lBLL01$h1822

