=LDR  03286aam a2200541 i 4500
=001  016971619
=003  Uk
=005  20160213162027.0
=008  140911s2014\\\\enka\\\\\b\\\\000\0\eng\c
=015  \\$aGBB4E2749$2bnb
=016  7\$a016971619$2Uk
=020  \\$qpaperback
=035  \\$a(WlAbNL)vtls006783420
=040  \\$aGZM$beng$cGZM$dWlAbNL$dUk$erda
=042  \\$aukscp
=082  04$a332.722$223
=100  1\$aBadarinza, Cristian,$eauthor.
=245  10$aWhat calls to ARMS? :$bInternational evidence on interest rates and the choice of adjustable-rate mortgages /$cCristian Badarinza, Said Business School, University of Oxford, John Y Campbell, Harvard University and NBER, Tarun Ramadorai, Said Business School, University of Oxford and CEPR.
=264  \1$aLondon :$bCentre for Economic Policy Research,$cAugust 2014.
=300  \\$a32 pages :$billustrations ;$c21 cm.
=336  \\$atext$btxt$2rdacontent
=337  \\$aunmediated$bn$2rdamedia
=338  \\$avolume$bnc$2rdacarrier
=490  1\$aDiscussion paper series,$vno. 10117$x0265-8003 ;
=500  \\$a"Submitted 19 August 2014."
=504  \\$aIncludes bibliographical references (pages 22-23).
=520  \\$aThe relative popularity of adjustable-rate mortgages (ARMs) and fixed-rate mortgages (FRMs) varies considerably both across countries and over time. We ask how movements in current and expected future interest rates affect the share of ARMs in total mortgage issuance. Using a nine-country panel and instrumental variables methods, we present evidence that near-term (one-year) rational expectations of future movements in ARM rates do affect mortgage choice, particularly in more recent data since 2001. However longer-term (three-year) rational forecasts of ARM rates have a weaker effect, and the current spread between FRM and ARM rates also matters, suggesting that households are concerned with current interest costs as well as with lifetime cost minimization. These conclusions are robust to alternative (adaptive and survey-based) models of household expectations.
=588  \\$aDescription based on online resource; title from www.cepr.org/pubs/dps/DP10117 viewed September 11, 2014.
=650  \0$aAdjustable rate mortgages$xEconometric models.
=650  \0$aMortgage loans$xPsychological aspects$xEconometric models.
=650  \0$aInterest rates$xEconometric models.
=650  \0$aConsumer behavior$xEconometric models.
=690  7\$aManagement and Business Studies$2blcoll
=700  1\$aCampbell, John Y.,$eauthor.
=700  1\$aRamadorai, Tarun,$eauthor.
=710  2\$aCentre for Economic Policy Research (Great Britain)
=830  \0$aDiscussion paper (Centre for Economic Policy Research (Great Britain)).$pFinancial economics and International macroeconomics ;$vno. 10117.
=852  41$aBritish Library$bHMNTS$jYK.2016.a.541
=856  40$uhttp://www.cepr.org/pubs/dps/DP10117
=985  \\$aLDLSCP record - no ISBN match on import to BLL01
=CAT  \\$aBATCH-LDLN$b00$c20141208$lBLL01$h2126
=CAT  \\$a7164$b40$c20151118$lBLL01$h1449
=CAT  \\$a6989$b40$c20160213$lBLL01$h1620
=CAT  \\$aBATCH-MBS$c20160219$lBLL01$h2109
=CAT  \\$aWR16_021$c20160716$lBLL01$h1808
=FIN  \\$aY$d20160213
=FMT  \\$a  BK
=LAS  \\$aWR16_021$b00$c20160716$lBLL01$h1808

