=LDR  03287aam a2200505 i 4500
=001  017007706
=003  Uk
=005  20160120131056.0
=008  141023s2014\\\\enka\\\\\b\\\\000\0\eng\c
=015  \\$aGBB503390$2bnb
=016  7\$a017007706$2Uk
=020  \\$qpaperback
=035  \\$a(WlAbNL)vtls006791428
=040  \\$aUk$beng$cUk$dWlAbNL$dUk$erda
=042  \\$aukscp
=082  04$a338.7$223
=100  1\$aHottman, Colin,$eauthor.
=245  10$aWhat is firm heterogeneity in trade models? :$bthe role of quality, scope, markups, and cost /$cColin Hottman, Columbia University, Stephen J. Redding, Princeton University, NBER and CEPR, David E. Weinstein, Columbia University and NBER.
=264  \1$aLondon :$bCentre for Economic Policy Research,$cSeptember 2014.
=300  \\$a51 pages :$billustrations ;$c21 cm.
=336  \\$atext$btxt$2rdacontent
=336  \\$astill image$bsti$2rdacontent
=337  \\$aunmediated$bn$2rdamedia
=338  \\$avolume$bnc$2rdacarrier
=490  1\$aDiscussion paper series,$x0265-8003 ;$vno. 10133$aInternational trade and regional economics
=500  \\$a"Submitted 24 August 2014."
=504  \\$aIncludes bibliographical references (pages 44-47).
=520  \\$aWe estimate a structural model of heterogeneous multiproduct firms to examine the sources of firm heterogeneity emphasized in the recent trade and macro literatures. Using Nielsen barcode data on prices and sales, we estimate elasticities of substitution within and between firms, and use the estimated model to recover unobserved qualities, marginal costs and markups. We find that variation in firm quality and product scope explains at least four fifths of the variation in firm sales. Most firms are well approximated by the monopolistic competition benchmark of constant markups, but the largest firms that account for most of aggregate sales depart substantially from this benchmark. Although the output of multiproduct firms is differentiated, cannibalization is quantitatively important for the largest firms. This imperfect substitutability of products within firms, and the fact that larger firms supply more products than smaller firms, implies that standard productivity measures are not independent of demand system assumptions and probably dramatically understate the relative productivity of the largest firms.
=650  \0$aMultiproduct firms$xEconometric models.
=650  \0$aBusiness enterprises$xProductivity$xEconometric models.
=690  7\$aManagement and Business Studies$2blcoll
=700  1\$aRedding, Stephen,$eauthor.
=700  1\$aWeinstein, David E.,$eauthor.
=710  2\$aCentre for Economic Policy Research (Great Britain),$epublisher.
=830  \0$aDiscussion paper (Centre for Economic Policy Research (Great Britain)).$pInternational trade and regional economics ;$vno. 10133.
=852  41$aBritish Library$bHMNTS$jYK.2016.a.315
=856  40$uhttp://www.cepr.org/pubs/dps/DP10133
=985  \\$aLDLSCP record - no ISBN match on import to BLL01
=CAT  \\$aBATCH-LDLN$b00$c20150112$lBLL01$h2140
=CAT  \\$a9671$b40$c20160120$lBLL01$h1310
=CAT  \\$aBATCH-MBS$c20160129$lBLL01$h2112
=CAT  \\$aWR16_021$c20160716$lBLL01$h1813
=FIN  \\$aY$d20160120
=FMT  \\$a  BK
=LAS  \\$aWR16_021$b00$c20160716$lBLL01$h1813

