=LDR  03365aam a2200517 i 4500
=001  017008393
=003  Uk
=005  20160310084458.0
=008  141204s2014\\\\enkd\\\\\b\\\\000\0\eng\c
=015  \\$aGBB522644$2bnb
=016  7\$a017008393$2Uk
=020  \\$qpaperback
=035  \\$a(WlAbNL)vtls006806536
=040  \\$aStEdALDL$beng$cStEdALDL$dWlAbNL$dUk$dUk$erda
=042  \\$aukscp
=082  04$a339.20973$223
=100  1\$aSaez, Emmanuel,$eauthor.
=245  10$aWealth inequality in the United States since 1913 :$bevidence from capitalized income tax data /$cEmmanuel Saez and Gabriel Zucman.
=264  \1$aLondon :$bCentre for Economic Policy Research,$cOctober 2014.
=300  \\$a46 pages, 17 unnumbered pages :$bcharts ;$c21 cm.
=336  \\$atext$btxt$2rdacontent
=336  \\$astill image$bsti$2rdacontent
=337  \\$aunmediated$bn$2rdamedia
=338  \\$avolume$bnc$2rdacarrier
=490  1\$aDiscussion paper series,$x0265-8003 ;$v10227
=500  \\$a"Submitted 23 October 2014."
=504  \\$aIncludes bibliographical references (pages 42-46).
=520  \\$aThis paper combines income tax returns with Flow of Funds data to estimate the distribution of household wealth in the United States since 1913. We estimate wealth by capitalizing the incomes reported by individual taxpayers, accounting for assets that do not generate taxable income. We successfully test our capitalization method in three micro datasets where we can observe both income and wealth: the Survey of Consumer Finance, linked estate and income tax returns, and foundations' tax records. Wealth concentration has followed a U-shaped evolution over the last 100 years: It was high in the beginning of the twentieth century, fell from 1929 to 1978, and has continuously increased since then. The rise of wealth inequality is almost entirely due to the rise of the top 0.1% wealth share, from 7% in 1979 to 22% in 2012 -- a level almost as high as in 1929. The bottom 90% wealth share first increased up to the mid-1980s and then steadily declined. The increase in wealth concentration is due to the surge of top incomes combined with an increase in saving rate inequality. Top wealth-holders are younger today than in the 1960s and earn a higher fraction of total labor income in the economy. We explain how our findings can be reconciled with Survey of Consumer Finances and estate tax data.
=650  \0$aIncome distribution$zUnited States.
=650  \0$aWealth$zUnited States.
=690  7\$aManagement and Business Studies$2blcoll
=700  1\$aZucman, Gabriel,$eauthor.
=710  2\$aCentre for Economic Policy Research (Great Britain),$eissuing body.
=830  \0$aDiscussion paper (Centre for Economic Policy Research (Great Britain)).$pPublic economics ;$vno. 10227.
=852  41$aBritish Library$bHMNTS$jYK.2016.a.881
=856  40$uhttp://www.cepr.org/active/publications/discussion_papers/dp.php?dpno=10227
=985  \\$aLDLSCP record - no ISBN match on import to BLL01
=CAT  \\$a9592$b40$c20150113$lBLL01$h1312
=CAT  \\$a9657$b40$c20160307$lBLL01$h1603
=CAT  \\$a9657$b40$c20160308$lBLL01$h0924
=CAT  \\$a5751$b40$c20160310$lBLL01$h0844
=CAT  \\$aBATCH-MBS$c20160318$lBLL01$h2111
=CAT  \\$aWR16_021$c20160716$lBLL01$h1813
=FIN  \\$aY$d20160310
=FMT  \\$a  BK
=LAS  \\$aWR16_021$b00$c20160716$lBLL01$h1813

