=LDR  02729aam a2200553 i 4500
=001  017078752
=003  Uk
=005  20160323091734.0
=008  141204s2014\\\\enkbd\\\\b\\\\000\0\eng\c
=015  \\$aGBB522645$2bnb
=016  7\$a017078752$2Uk
=020  \\$qpaperback
=035  \\$a(WlAbNL)vtls006806542
=040  \\$aStEdALDL$beng$cStEdALDL$dWlAbNL$dUk$erda
=042  \\$aukscp
=082  04$a331.255$223
=100  1\$aTeulings, C. N.,$eauthor.
=245  10$aWelfare benefits of agglomeration and worker heterogeneity /$cCoen N. Teulings, Ioulia V. Ossokina and Henri L.F. de Groot.
=264  \1$aLondon :$bCentre for Economic Policy Research,$cOctober 2014.
=300  \\$a38 pages :$bcharts, maps ;$c21 cm.
=336  \\$atext$btxt$2rdacontent
=336  \\$astill image$bsti$2rdacontent
=336  \\$acartographic image$bcri$2rdacontent
=337  \\$aunmediated$bn$2rdamedia
=338  \\$avolume$bnc$2rdacarrier
=490  1\$aDiscussion paper series,$x0265-8003 ;$v10216
=500  \\$a"Submitted 16 August 2014."
=504  \\$aIncludes bibliographical references (pages 36-38).
=520  \\$aThe direct impact of local public goods on welfare is relatively easy to measure from land rents. However, the indirect effects on home and job location, on land use, and on agglomeration benefits are hard to pin down. We develop a spatial general equilibrium model for the valuation of these effects. The model is estimated using data on transport infrastructure, commuting behavior, wages, land use and land rents for 3000 ZIP-codes in the Netherlands and for three levels of education. Welfare benefits are shown to differ sharply by workers' educational attainment.
=650  \0$aEconomic geography.
=650  \0$aLabor mobility.
=650  \0$aUrban economics.
=690  7\$aManagement and Business Studies$2blcoll
=700  1\$aOssokina, Ioulia V.,$eauthor.
=700  1\$aGroot, Henri L. F. de,$eauthor.
=710  2\$aCentre for Economic Policy Research (Great Britain),$eissuing body.
=830  \0$aDiscussion paper (Centre for Economic Policy Research (Great Britain)).$pLabour economics ;$vno. 10216.
=852  41$aBritish Library$bHMNTS$jYKL.2016.a.3932
=856  40$uhttp://www.cepr.org/active/publications/discussion_papers/dp.php?dpno=10216
=985  \\$aLDLSCP record - no ISBN match on import to BLL01
=CAT  \\$aBATCH-LDLN$b00$c20150223$lBLL01$h2139
=CAT  \\$aBATCH-UPD$b00$c20151222$lBLL01$h2017
=CAT  \\$a9657$b40$c20160229$lBLL01$h1411
=CAT  \\$a9666$b40$c20160323$lBLL01$h0917
=CAT  \\$aBATCH-MBS$c20160401$lBLL01$h2110
=CAT  \\$aWR16_021$c20160716$lBLL01$h1818
=FIN  \\$aY$d20160323
=FMT  \\$a  BK
=LAS  \\$aWR16_021$b00$c20160716$lBLL01$h1818

