=LDR  03518aam a2200553 i 4500
=001  017091460
=003  Uk
=005  20160707134704.0
=008  141117s2014\\\\enkd\\\\\b\\\\000\0\eng\c
=015  \\$aGBB527583$2bnb
=016  7\$a017091460$2Uk
=020  \\$qpaperback
=035  \\$a(WlAbNL)vtls006811401
=040  \\$aGZM$beng$cGZM$dWlAbNL$dUk$erda
=042  \\$aukscp
=082  04$a339.41$223
=100  1\$aChristelis, Dimitrios,$eauthor.
=245  10$aWealth shocks, unemployment shocks and consumption in the wake of the Great Recession /$cDimitris Christelis, CSEF, CFS and CEPAR, Dimitris Georgarakos, Goethe University Frankfurt, CFS and University of Leicester, Tullio Jappelli, University of Naples II, CSEF and CEPR.
=264  \1$aLondon :$bCentre for Economic Policy Research,$cOctober 2014.
=300  \\$a56 pages :$bcharts ;$c21 cm.
=336  \\$atext$btxt$2rdacontent
=336  \\$astill image$bsti$2rdacontent
=337  \\$aunmediated$bn$2rdamedia
=338  \\$avolume$bnc$2rdacarrier
=490  1\$aDiscussion paper series,$x0265-8003 ;$vno. 10196$ainternational macroeconomics
=500  \\$a"Submitted 03 October 2014."
=504  \\$aIncludes bibliographical references (pages 33-36).
=520  \\$aWe use data from the 2009 Internet Survey of the Health and Retirement Study to examine the consumption impact of wealth shocks and unemployment during the Great Recession in the US. We find that many households experienced large capital losses in housing and in their financial portfolios, and that a non-trivial fraction of respondents have lost their job. As a consequence of these shocks, many households reduced substantially their expenditures. We estimate that the marginal propensities to consume with respect to housing and financial wealth are 1 and 3.3 percentage points, respectively. In addition, those who became unemployed reduced spending by 10 percent. We also distinguish the effect of perceived transitory and permanent wealth shocks, splitting the sample between households who think that the stock market is likely to recover in a year's time, and those who do not. In line with the predictions of standard models of intertemporal choice, we find that the latter group adjusted much more than the former its spending in response to financial wealth shocks.
=530  \\$aAlso issued online.
=588  \\$aDescription based on online resource; title from www.cepr.org/pubs/dps/DP10196 viewed November 17, 2014.
=650  \0$aRecessions$zUnited States$xEconometric models.
=650  \0$aUnemployment$zUnited States$xEconometric models.
=650  \0$aConsumption (Economics)$xEconometric models.
=690  7\$aManagement and Business Studies$2blcoll
=700  1\$aGeorgarakos, Dimitris,$eauthor.
=700  1\$aJappelli, Tullio,$eauthor.
=710  2\$aCentre for Economic Policy Research (Great Britain),$eissuing body.
=830  \0$aDiscussion paper (Centre for Economic Policy Research (Great Britain)).$pInternational macroeconomics ;$vno. 10196.
=852  41$aBritish Library$bHMNTS$jYK.2016.a.2398
=856  40$uhttp://www.cepr.org/pubs/dps/DP10196
=985  \\$aLDLSCP record - no ISBN match on import to BLL01
=CAT  \\$aBATCH-LDLN$b00$c20150302$lBLL01$h2139
=CAT  \\$a6162$b40$c20160602$lBLL01$h1553
=CAT  \\$a9666$b40$c20160707$lBLL01$h1347
=CAT  \\$aBATCH-MBS$c20160715$lBLL01$h2100
=CAT  \\$aWR16_021$c20160716$lBLL01$h1819
=FIN  \\$aY$d20160707
=FMT  \\$a  BK
=LAS  \\$aWR16_021$b00$c20160716$lBLL01$h1819

