=LDR  02107aam a2200505 i 4500
=001  017103754
=003  Uk
=005  20160316112929.0
=008  141022s2014\\\\enka\\\\\b\\\\000\0\eng\c
=015  \\$aGBB532829$2bnb
=016  7\$a017103754$2Uk
=020  \\$qpaperback
=035  \\$a(WlAbNL)vtls006791182
=040  \\$aUk$beng$cUk$dWlAbNL$dUk$erda
=042  \\$aukscp
=082  04$a330.0112$223
=100  1\$aInoue, Atsushi,$d1968-$eauthor.
=245  10$aWindow selection for out-of-sample forecasting with time-varying parameters /$cAtsushi Inoue, Vanderbilt University, Lu Jin, North Carolina State University, Barbara Rossi, ICREA-Universitat Pompeu Fabra, Barcelona GSE, CREI and CEPR.
=264  \1$aLondon :$bCentre for Economic Policy Research,$cSeptember 2014.
=300  \\$a63 pages :$billustrations ;$c21 cm.
=336  \\$atext$btxt$2rdacontent
=336  \\$astill image$bsti$2rdacontent
=337  \\$aunmediated$bn$2rdamedia
=338  \\$avolume$bnc$2rdacarrier
=490  1\$aDiscussion paper series,$x0265-8003 ;$vno. 10168
=504  \\$aIncludes bibliographical references (pages 23-25).
=530  \\$aAlso issued online.
=650  \0$aEconomic forecasting.
=690  7\$aManagement and Business Studies$2blcoll
=700  1\$aJin, Lu$c(College teacher),$eauthor.
=700  1\$aRossi, Barbara,$d1971-$eauthor.
=710  2\$aCentre for Economic Policy Research (Great Britain),$epublisher.
=830  \0$aDiscussion paper (Centre for Economic Policy Research (Great Britain)).$pInternational macroeconomics ;$vno. 10168.
=852  41$aBritish Library$bHMNTS$jYK.2016.a.950
=856  41$uhttp://www.cepr.org/pubs/dps/DP10168.asp
=985  \\$aLDLSCP record - no ISBN match on import to BLL01
=CAT  \\$aBATCH-LDLN$b00$c20150309$lBLL01$h2135
=CAT  \\$a7183$b40$c20151123$lBLL01$h1430
=CAT  \\$a6632$b40$c20151123$lBLL01$h1440
=CAT  \\$a5751$b40$c20160316$lBLL01$h1129
=CAT  \\$aBATCH-MBS$c20160401$lBLL01$h2110
=CAT  \\$aWR16_021$c20160716$lBLL01$h1821
=FIN  \\$aY$d20160316
=FMT  \\$a  BK
=LAS  \\$aWR16_021$b00$c20160716$lBLL01$h1821

