=LDR  03012aam a2200553 i 4500
=001  017122780
=003  Uk
=005  20160831125812.0
=008  150121s2014\\\\enka\\\\\b\\\\000\0\eng\c
=015  \\$aGBB538356$2bnb
=016  7\$a017122780$2Uk
=020  \\$qpaperback
=035  \\$a(WlAbNL)vtls006817830
=040  \\$aStEdALDL$beng$cStEdALDL$dWlAbNL$dUk$erda
=042  \\$aukscp
=082  04$a303.320113$223
=100  1\$aAlbornoz-Crespo, Facundo,$eauthor.
=245  10$aWhich club should I attend, dad? :$btargeted socialization and production /$cFacundo Albornoz, Antonio Cabrales and Esther Hauk.
=264  \1$aLondon :$bCentre for Economic Policy Research,$cNovember 2014.
=300  \\$a56 pages :$billustrations ;$c21 cm.
=336  \\$atext$btxt$2rdacontent
=336  \\$astill image$bsti$2rdacontent
=337  \\$aunmediated$bn$2rdamedia
=338  \\$avolume$bnc$2rdacarrier
=490  1\$aDiscussion paper series,$x0265-8003 ;$vno. 10321
=500  \\$a"Submitted 18 December 2014."
=504  \\$aIncludes bibliographical references (pages 33-35).
=520  \\$aWe study a model that integrates productive and socialization efforts with network choice and parental investments. We characterize the unique symmetric equilibrium of this game. We first show that individuals underinvest in productive and social effort, but that solving only the investment problem can exacerbate the misallocations due to network choice, to the point that it may generate an even lower social welfare if one of the networks is sufficiently disadvantaged. We also study the interaction of parental investment with network choice. We relate these equilibrium results with characteristics that we find in the data on economic co-authorship and field transmission between advisors and advisees.
=588  \\$aDescription based on online resource; title from http://www.cepr.org/active/publications/discussion_papers/dp.php?dpno=10321 viewed January 20, 2015.
=650  \0$aSocialization$xEconomic aspects.
=650  \0$aImmigrant youth$xSocial networks.
=650  \0$aParent and teenager.
=690  7\$aSocial Welfare$2blcoll
=700  1\$aCabrales, Antonio,$eauthor.
=700  1\$aHauk, Esther,$eauthor.
=710  2\$aCentre for Economic Policy Research (Great Britain),$epublisher.
=830  \0$aDiscussion paper (Centre for Economic Policy Research (Great Britain)).$pPublic economics ;$vno. 10321.
=852  41$aBritish Library$bHMNTS$jYK.2016.a.3035
=856  40$uhttp://www.cepr.org/active/publications/discussion_papers/dp.php?dpno=10321
=985  \\$aLDLSCP record - no ISBN match on import to BLL01
=CAT  \\$aBATCH-LDLN$b00$c20150323$lBLL01$h2130
=CAT  \\$aBATCH-UPD$b00$c20160222$lBLL01$h2025
=CAT  \\$a9657$b40$c20160705$lBLL01$h1305
=CAT  \\$aWR16_021$c20160716$lBLL01$h1822
=CAT  \\$a8964$b40$c20160831$lBLL01$h1258
=CAT  \\$aBATCH-SWP$c20160909$lBLL01$h2213
=FIN  \\$aY$d20160831
=FMT  \\$a  BK
=LAS  \\$aBATCH-SWP$b00$c20160909$lBLL01$h2213

