=LDR  03145aam a2200505 i 4500
=001  017131665
=003  Uk
=005  20160831104357.0
=008  150219s2015\\\\enka\\\\\b\\\\000\0\eng\c
=015  \\$aGBB540890$2bnb
=016  7\$a017131665$2Uk
=020  \\$qpaperback
=035  \\$a(WlAbNL)vtls006826597
=040  \\$aStEdALDL$beng$cStEdALDL$dWlAbNL$dUk$erda
=042  \\$aukscp
=082  04$a339.20973$223
=100  1\$aKopczuk, Wojciech,$eauthor.
=245  10$aWhat do we know about evolution of top wealth shares in the United States? /$cWojciech Kopczuk.
=264  \1$aLondon :$bCentre for Economic Policy Research,$cJanuary 2015.
=300  \\$a26 pages :$billustrations ;$c21 cm.
=336  \\$atext$btxt$2rdacontent
=336  \\$astill image$bsti$2rdacontent
=337  \\$aunmediated$bn$2rdamedia
=338  \\$avolume$bnc$2rdacarrier
=490  1\$aDiscussion paper series,$x0265-8003 ;$vno. 10368
=500  \\$a"Submitted 15 January 2015."
=504  \\$aIncludes bibliographical references (pages 23-24).
=520  \\$aI discuss available evidence about the evolution of top wealth shares in the United States over the last one hundred years. The three main approaches -- Survey of Consumer Finances, estate tax multiplier techniques and capitalization method -- generate generally consistent findings until mid-1980s but diverge since then, with capitalization method showing a dramatic increase in wealth concentration and the other two methods showing at best a small increase. I discuss strengths and weaknesses of different approaches. The increase in capitalization estimates since 2000 is driven by a dramatic and surprising increase in fixed income assets. There is evidence that estate tax estimates may not be sufficiently accounting for mortality improvements over time. The non-response and coverage issues in the SCF are a concern. I conclude that changing nature of top incomes and the increased importance of self-made wealth may explain difficulties in implementing each of the methods and account for why the results diverge.
=588  \\$aDescription based on online resource; title from http://www.cepr.org/active/publications/discussion_papers/dp.php?dpno=10368 viewed January 26, 2015.
=650  \0$aWealth$zUnited States$xHistory.
=650  \0$aDistribution (Economic theory)
=690  7\$aManagement and Business Studies$2blcoll
=710  2\$aCentre for Economic Policy Research (Great Britain),$epublisher.
=830  \0$aDiscussion paper (Centre for Economic Policy Research (Great Britain)).$pLabour economics and public economics ;$vno. 10368.
=852  41$aBritish Library$bHMNTS$jYK.2016.a.3027
=856  40$uhttp://www.cepr.org/active/publications/discussion_papers/dp.php?dpno=10368
=985  \\$aLDLSCP record - no ISBN match on import to BLL01
=CAT  \\$aBATCH-LDLN$b00$c20150330$lBLL01$h2128
=CAT  \\$a10883$b40$c20160727$lBLL01$h0944
=CAT  \\$aWR16_021$c20160727$lBLL01$h1653
=CAT  \\$a8964$b40$c20160831$lBLL01$h1043
=CAT  \\$aBATCH-MBS$c20160909$lBLL01$h2055
=FIN  \\$aY$d20160831
=FMT  \\$a  BK
=LAS  \\$aBATCH-MBS$b00$c20160909$lBLL01$h2055

