=LDR  03779aam a2200565 i 4500
=001  017170853
=003  Uk
=005  20160729085531.0
=008  150219s2015\\\\enka\\\\\b\\\\000\0\eng\c
=015  \\$aGBB554085$2bnb
=016  7\$a017170853$2Uk
=020  \\$qpaperback
=035  \\$a(WlAbNL)vtls006826571
=040  \\$aStEdALDL$beng$cStEdALDL$dWlAbNL$dUk$erda
=042  \\$aukscp
=082  04$a331.2153015195$223
=100  1\$aMüller, Holger M.,$eauthor.
=245  10$aWage inequality and firm growth /$cHolger M. Mueller, Paige P. Ouimet and Elena Simintzi.
=264  \1$aLondon :$bCentre for Economic Policy Research,$cJanuary 2015.
=300  \\$a26 pages, 24 unnumbered pages :$billustrations ;$c21 cm.
=336  \\$atext$btxt$2rdacontent
=336  \\$astill image$bsti$2rdacontent
=337  \\$aunmediated$bn$2rdamedia
=338  \\$avolume$bnc$2rdacarrier
=490  1\$aDiscussion paper series,$x0265-8003 ;$vNo 10365
=500  \\$a"Submitted 13 January 2015."
=504  \\$aIncludes bibliographical references (pages 22-26).
=520  \\$aWe examine how within-firm skill premia -- wage differentials associated with jobs involving different skill requirements -- vary both across firms and over time. Our firm-level results mirror patterns found in aggregate wage trends, except that we find them with regard to increases in firm size. In particular, we find that wage differentials between high- and either medium- or low-skill jobs increase with firm size, while those between medium- and low-skill jobs are either invariant to firm size or, if anything, slightly decreasing. We find the same pattern within firms over time, suggesting that rising wage inequality -- even nuanced patterns, such as divergent trends in upper- and lower-tail inequality -- may be related to firm growth. We explore two possible channels : i) wages associated with "routine" job tasks are relatively lower in larger firms due to a higher degree of automation in these firms, and ii) larger firms pay relatively lower entry-level managerial wages in return for providing better career opportunities. Lastly, we document a strong and positive relation between within-country variation in firm growth and rising wage inequality for a broad set of developed countries. In fact, our results suggest that part of what may be perceived as a global trend toward more wage inequality may be driven by an increase in employment by the largest firms in the economy.
=588  \\$aDescription based on online resource; title from http://www.cepr.org/active/publications/discussion_papers/dp.php?dpno=10365 viewed January 28, 2015.
=650  \0$aSkilled labor$xEconometric models.
=650  \0$aWage differentials$xEconometric models.
=650  \0$aIncome distribution$xEconometric models.
=650  \0$aLabor market$xEconometric models.
=690  7\$aManagement and Business Studies$2blcoll
=700  1\$aOuimet, Paige P.,$eauthor.
=700  1\$aSimintzi, Elena,$eauthor.
=710  2\$aCentre for Economic Policy Research (Great Britain),$eissuing body.
=830  \0$aDiscussion paper (Centre for Economic Policy Research (Great Britain)).$pLabour economics ;$vno. 10365.
=852  41$aBritish Library$bHMNTS$jYK.2016.a.2671
=856  40$uhttp://www.cepr.org/active/publications/discussion_papers/dp.php?dpno=10365
=985  \\$aLDLSCP record - no ISBN match on import to BLL01
=CAT  \\$aBATCH-LDLN$b00$c20150427$lBLL01$h2112
=CAT  \\$aBATCH-UPD$b00$c20160217$lBLL01$h1851
=CAT  \\$a9657$b40$c20160728$lBLL01$h1401
=CAT  \\$a9666$b40$c20160729$lBLL01$h0855
=CAT  \\$aWR16_021$c20160803$lBLL01$h1656
=CAT  \\$aBATCH-MBS$c20160805$lBLL01$h2110
=FIN  \\$aY$d20160729
=FMT  \\$a  BK
=LAS  \\$aBATCH-MBS$b00$c20160805$lBLL01$h2110

