=LDR  02729aam a2200529 i 4500
=001  017181847
=003  Uk
=005  20150627072435.0
=008  130625s2013\\\\enka\\\\\b\\\\000\0\eng\c
=015  \\$aGBB556588$2bnb
=016  7\$a017181847$2Uk
=035  \\$a(WlAbNL)vtls006609652
=040  \\$aStEdALDL$beng$cStEdALDL$dWlAbNL$dUk$erda
=042  \\$aukscp
=082  04$a331.1373$223
=100  1\$aLechthaler, Wolfgang,$eauthor.
=245  10$aWorker identity, employment fluctuations and stabilization policy /$cWolfgang Lechthaler, Dennis J. Snower.
=264  \1$aLondon :$bCentre for Economic Policy Research,$c2013.
=300  \\$a44 pages :$billustrations (black and white) ;$c21 cm.
=336  \\$atext$btxt$2rdacontent
=337  \\$aunmediated$bn$2rdamedia
=338  \\$avolume$bnc$2rdacarrier
=490  1\$aDiscussion paper series / Centre for Economic Policy Research,$x0265-8003 ;$vno. 9478
=500  \\$a"May 2013".
=500  \\$a"International macroeconomics and Labour economics".
=504  \\$aIncludes bibliographical references (pages 34-38).
=520  0\$aThis paper provides a model of "social hysteresis," whereby long, deep recessions demotivate workers and thereby lead them to change their work ethic. In switching from a pro-work to an anti-work identity, their incentives to seek and retain work fall and consequently their employment chances fall. In this way, temporary recessions may come to have permanent effects on aggregate employment. We also show that these permanent effects, along with the underlying identity switches, can be avoided through stabilization policy. The size of the government expenditure multiplier can be shown to depend on the composition of identities in the workforce.
=650  \0$aHysteresis (Economics)
=650  \0$aUnemployment$xEconometric models.
=690  7\$aManagement and Business Studies$2blcoll
=690  7\$aSocial Welfare$2blcoll
=700  1\$aSnower, Dennis J.,$eauthor.
=710  2\$aCentre for Economic Policy Research (Great Britain)
=830  \0$aDiscussion paper (Centre for Economic Policy Research (Great Britain)) ;$vno. 9478.
=852  41$aBritish Library$bHMNTS$jYK.2015.a.2309
=856  40$uwww.cepr.org/pubs/dps/DP9478.asp
=985  \\$aLDLSCP record - no ISBN match on import to BLL01
=CAT  \\$aBATCH-LDLN$b00$c20150504$lBLL01$h2049
=CAT  \\$a7732$b40$c20150626$lBLL01$h1148
=CAT  \\$a9671$b40$c20150627$lBLL01$h0724
=CAT  \\$aBATCH-MBS$c20150703$lBLL01$h2108
=CAT  \\$aBATCH-SWP$c20150703$lBLL01$h2205
=CAT  \\$aWR16_021$c20160717$lBLL01$h1808
=CAT  \\$aBATCH-UPD$b00$c20160717$lBLL01$h1840
=FIN  \\$aY$d20150627
=FMT  \\$a  BK
=LAS  \\$aBATCH-UPD$b00$c20160717$lBLL01$h1840

