=LDR  03726aam a2200529 i 4500
=001  017370675
=003  Uk
=005  20161011112657.0
=008  150319s2015\\\\enka\\\\\b\\\\000\0\eng\c
=015  \\$aGBB566623$2bnb
=016  7\$a017370675$2Uk
=020  \\$qpaperback
=035  \\$a(WlAbNL)vtls006833980
=040  \\$aStEdALDL$beng$cStEdALDL$dWlAbNL$dUk$erda
=042  \\$aukscp
=082  04$a388.049015195$223
=100  1\$aDupuis, Nicolas,$eauthor.
=245  12$aA welfare assessment of revenue management systems /$cNicolas Dupuis, Marc Ivaldi and Jérôme Pouyet.
=264  \1$aLondon :$bCentre for Economic Policy Research,$cFebruary 2015.
=300  \\$a71 pages :$billustrations ;$c21 cm.
=336  \\$atext$btxt$2rdacontent
=336  \\$astill image$bsti$2rdacontent
=337  \\$aunmediated$bn$2rdamedia
=338  \\$avolume$bnc$2rdacarrier
=490  1\$aDiscussion paper series,$x0265-8003 ;$vno. 10385
=500  \\$a"Submitted 26 January 2015."
=504  \\$aIncludes bibliographical references (pages 39-40).
=520  \\$aWe study the welfare impact of revenue management, i.e. intertemporal price discrimination when the product availability is limited both in time and quantity, and consumers' arrival is random. This practice is particularly relevant, and widely spread, in the transport industry, but little is known about its implications on profits and consumer surplus. We develop a theoretical model of revenue management allowing for heterogeneity in product characteristics, capacity constraints, consumer preferences, and probabilities of arrival. We also introduce dynamic competition between revenue managers. We solve this model computationally and recover the optimal pricing strategies. We find that revenue management is welfare enhancing. Revenue managers face two types of constraints: a limited booking period and fixed capacities. Previous sales affect the relative slackness of these two constraints, explaining price variations. Profits increase as the practice offers more leeway to the seller compared to posting a fixed price throughout the booking period. Total consumer surplus also increases for a wide range of specifications, as revenue management raises the number of sales. In the presence of heterogeneous consumers, consumers with low price sensitivity subsidize ones with high price sensitivity when demand is low but both types benefit from the practice when demand is high. This sheds some light on the impact of revenue management on the surplus of business and leisure passengers.
=588  \\$aDescription based on online resource; title from http://www.cepr.org/active/publications/discussion_papers/dp.php?dpno=10385 viewed February 3, 2015.
=650  \0$aRevenue management$xEconometric models.
=650  \0$aPrice discrimination$xEconometric models.
=650  \0$aTransportation$xRates$xEconometric models.
=700  1\$aIvaldi, Marc,$eauthor.
=700  1\$aPouyet, Jérôme,$eauthor.
=710  2\$aCentre for Economic Policy Research (Great Britain),$eissuing body.
=830  \0$aDiscussion paper (Centre for Economic Policy Research (Great Britain)).$pIndustrial organization ;$vno. 10385.
=852  41$aBritish Library$bHMNTS$jYK.2016.a.3470
=856  40$uhttp://www.cepr.org/active/publications/discussion_papers/dp.php?dpno=10385
=985  \\$aLDLSCP record - no ISBN match on import to BLL01
=CAT  \\$aBATCH-LDLN$b00$c20150525$lBLL01$h2052
=CAT  \\$aBATCH-UPD$b00$c20160130$lBLL01$h0635
=CAT  \\$a7732$b40$c20160903$lBLL01$h1126
=CAT  \\$aBATCH-016$c20160907$lBLL01$h2147
=CAT  \\$a8964$b40$c20161011$lBLL01$h1126
=FIN  \\$aY$d20161011
=FMT  \\$a  BK
=LAS  \\$a8964$b40$c20161011$lBLL01$h1126

