=LDR  03192 am a2200493 i 4500
=001  017377401
=003  Uk
=005  20170704194641.0
=008  150319s2015\\\\enka\\\\\b\\\\000\0\eng\c
=015  \\$aGBB568780$2bnb
=016  7\$a017377401$2Uk
=020  \\$qpaperback
=035  \\$a(WlAbNL)vtls006833941
=040  \\$aStEdALDL$beng$cStEdALDL$dWlAbNL$erda
=042  \\$aukscp
=100  1\$aGrüner, Hans-Peter,$eauthor.
=245  10$aOptimal mechanisms for the control of fiscal deficits /$cHans Peter Grüner.
=264  \1$aLondon :$bCentre for Economic Policy Research,$cFebruary 2015.
=300  \\$a29 pages :$billustrations ;$c21 cm.
=336  \\$atext$btxt$2rdacontent
=336  \\$astill image$bsti$2rdacontent
=337  \\$aunmediated$bn$2rdamedia
=338  \\$avolume$bnc$2rdacarrier
=490  1\$aDiscussion paper series,$x0265-8003 ;$vno. 10440
=500  \\$a"Submitted 11 February 2015."
=504  \\$aIncludes bibliographical references (pages 28-29).
=520  \\$aThis paper shows that a simple two-stage voting mechanism may implement a constrained optimal state dependent decision about the size of the fiscal deficit. I consider a setup with strategic fiscal deficits à la Tabellini and Alesina (1990). Three groups of voters are informed about the productivity of current public spending. Voters differ in their preferences for public goods and swing voters' preferences may change over time. The current government decides on the current spending mix and it has an incentive to strategically overspend. Under certain conditions, a simple two-stage mechanism in which a deficit requires the approval by a supermajority in parliament implements a constrained optimal decision. When the current majority is small, political bargaining may further increase social welfare. However, when the current majority is large, a supermajority mechanism with bargaining leads to a biased spending mix and reduces welfare whereas the laissez faire mechanism may yield the first best. An appropriately adjusted majority threshold can deal with this problem.
=588  \\$aDescription based on online resource; title from http://www.cepr.org/active/publications/discussion_papers/dp.php?dpno=10440 viewed February 24, 2015.
=650  \0$aFiscal policy$xPublic opinion$xEconometric models.
=650  \0$aGovernment spending policy$xPublic opinion$xEconometric models.
=650  \0$aDebts, Public$xPublic opinion$xEconometric models.
=650  \0$aVoting$xEconometric models.
=710  2\$aCentre for Economic Policy Research (Great Britain)
=830  \0$aDiscussion paper (Centre for Economic Policy Research (Great Britain)).$pPublic economics ;$vno. 10440.
=852  41$aBritish Library$bHMNTS$jYK.2017.a.2632
=856  40$uhttp://www.cepr.org/active/publications/discussion_papers/dp.php?dpno=10440
=985  \\$aAwaiting NetCat DDC
=985  \\$aLDLSCP record - no ISBN match on import to BLL01
=CAT  \\$aBATCH-LDLN$b00$c20150601$lBLL01$h2121
=CAT  \\$aBATCH-UPD$b00$c20170128$lBLL01$h1021
=CAT  \\$aBATCH-016$c20170201$lBLL01$h2152
=CAT  \\$a8158$b40$c20170704$lBLL01$h1946
=FMT  \\$a  BK
=LAS  \\$a8158$b40$c20170704$lBLL01$h1946

