=LDR  03116 am a2200517 i 4500
=001  017377404
=003  Uk
=005  20170704194808.0
=008  150319s2015\\\\enka\\\\\b\\\\000\0\eng\c
=015  \\$aGBB568783$2bnb
=016  7\$a017377404$2Uk
=020  \\$qpaperback
=035  \\$a(WlAbNL)vtls006834003
=040  \\$aStEdALDL$beng$cStEdALDL$dWlAbNL$erda
=042  \\$aukscp
=100  1\$aEijffinger, Sylvester C. W.,$eauthor.
=245  10$aHawks and doves at the FOMC /$cSylvester Eijffinger, Ronald Mahieu and Louis Raes.
=264  \1$aLondon :$bCentre for Economic Policy Research,$cFebruary 2015.
=300  \\$a24 pages :$billustrations ;$c21 cm.
=336  \\$atext$btxt$2rdacontent
=336  \\$astill image$bsti$2rdacontent
=337  \\$aunmediated$bn$2rdamedia
=338  \\$avolume$bnc$2rdacarrier
=490  1\$aDiscussion paper series,$x0265-8003 ;$vno. 10442
=500  \\$a"Submitted 13 February 2015."
=504  \\$aIncludes bibliographical references (pages 23-24).
=520  \\$aIn this paper we estimate ideal points of Bank Presidents and Board Governors at the FOMC. We use stated preferences from FOMC transcipts and estimate a hierarchical spatial voting model. We find a clear difference between the average Board Governor and Bank President. We find little evidence for difference in ideal points according to the appointing president in case of Bank Governors. Similarly career background has no clear effect on the ideal points. We find that the median ideal point at the FOMC has been fairly stable over our sample period (1989-2007) emphasizing the lack of a political appointment channel. We also show that there was considerable variation in the median ideal point of Bank Presidents and Board Governors, but that these seem to cancel each other out. Also the dispersion of opinions (the spread between the lowest and highest ideal point) varies over time, suggestion variation in agreement at the FOMC.
=588  \\$aDescription based on online resource; title from http://www.cepr.org/active/publications/discussion_papers/dp.php?dpno=10442 viewed February 24, 2015.
=610  10$aUnited States.$bFederal Open Market Committee.
=650  \0$aFederal Reserve banks$xManagement.
=650  \0$aOpen market operations$zUnited States$xDecision making.
=650  \0$aVoting research.
=700  1\$aMahieu, Ronald,$d1968-$eauthor.
=700  1\$aRaes, Louis,$eauthor.
=710  2\$aCentre for Economic Policy Research (Great Britain)
=830  \0$aDiscussion paper (Centre for Economic Policy Research (Great Britain)).$pInternational macroeconomics ;$vno. 10442.
=852  41$aBritish Library$bHMNTS$jYK.2017.a.2633
=856  40$uhttp://www.cepr.org/active/publications/discussion_papers/dp.php?dpno=10442
=985  \\$aAwaiting NetCat DDC
=985  \\$aLDLSCP record - no ISBN match on import to BLL01
=CAT  \\$aBATCH-LDLN$b00$c20150601$lBLL01$h2121
=CAT  \\$aBATCH-UPD$b00$c20170128$lBLL01$h1031
=CAT  \\$aBATCH-016$c20170201$lBLL01$h2152
=CAT  \\$a8158$b40$c20170704$lBLL01$h1948
=FMT  \\$a  BK
=LAS  \\$a8158$b40$c20170704$lBLL01$h1948

