=LDR  03122 am a2200529 i 4500
=001  017377420
=003  Uk
=005  20180315084148.0
=008  150319s2015\\\\enka\\\\\b\\\\000\0\eng\c
=015  \\$aGBB568799$2bnb
=016  7\$a017377420$2Uk
=020  \\$qpaperback
=035  \\$a(WlAbNL)vtls006833986
=040  \\$aStEdALDL$beng$cStEdALDL$dWlAbNL$dUk$erda
=042  \\$aukscp
=082  04$a332.452$223
=100  1\$aMitchener, Kris James,$eauthor.
=245  10$aWas the classical gold standard credible on the periphery? :$bevidence from currency risk /$cKris Mitchener and Marc Weidenmier.
=264  \1$aLondon :$bCentre for Economic Policy Research,$cFebruary 2015.
=300  \\$a43 unnumbered pages :$billustrations ;$c21 cm.
=336  \\$atext$btxt$2rdacontent
=336  \\$astill image$bsti$2rdacontent
=337  \\$aunmediated$bn$2rdamedia
=338  \\$avolume$bnc$2rdacarrier
=490  1\$aDiscussion paper series,$x0265-8003 ;$vno. 10388
=500  \\$a"Submitted 27 January 2015."
=504  \\$aIncludes bibliographical references (unnumbered pages 23-29, 43).
=520  \\$aWe use a standard metric from international finance, the currency risk premium, to assess the credibility of fixed exchange rates during the classical gold standard era. Theory suggests that a completely credible and permanent commitment to join the gold standard would have zero currency risk or no expectation of devaluation. We find that, even five years after a typical emerging-market country joined the gold standard, the currency risk premium averaged at least 220 basis points. Fixed-effects, panel-regression estimates that control for a variety of borrower-specific factors also show large and positive currency risk premia. In contrast to core gold standard countries, such as France and Germany, the persistence of large premia, long after gold standard adoption, suggest that financial markets did not view the pegs in emerging markets as credible and expected devaluation.
=588  \\$aDescription based on online resource; title from http://www.cepr.org/active/publications/discussion_papers/dp.php?dpno=10388 viewed February 3, 2015.
=650  \0$aForeign exchange rates.
=650  \0$aGold standard$xHistory.
=650  \0$aInternational economic relations.
=690  7\$aManagement and Business Studies$2blcoll
=700  1\$aWeidenmier, Marc D.,$eauthor.
=710  2\$aCentre for Economic Policy Research (Great Britain)
=830  \0$aDiscussion paper (Centre for Economic Policy Research (Great Britain)).$pEconomic history ;$vno. 10388.
=852  41$aBritish Library$bHMNTS$jYK.2018.a.1386
=856  40$uhttp://www.cepr.org/active/publications/discussion_papers/dp.php?dpno=10388
=985  \\$aLDLSCP record - no ISBN match on import to BLL01
=CAT  \\$aBATCH-LDLN$b00$c20150601$lBLL01$h2121
=CAT  \\$aBATCH-UPD$b00$c20171025$lBLL01$h1537
=CAT  \\$aBATCH-016$c20171220$lBLL01$h2200
=CAT  \\$a8964$b40$c20180315$lBLL01$h0841
=CAT  \\$aBATCH-MBS$c20180323$lBLL01$h2118
=FIN  \\$aY$d20180315
=FMT  \\$a  BK
=LAS  \\$aBATCH-MBS$b00$c20180323$lBLL01$h2118

