=LDR  03301 am a2200529 i 4500
=001  017377422
=003  Uk
=005  20180315084822.0
=008  150319s2015\\\\enka\\\\\b\\\\000\0\eng\c
=015  \\$aGBB568801$2bnb
=016  7\$a017377422$2Uk
=020  \\$qpaperback
=035  \\$a(WlAbNL)vtls006833912
=040  \\$aStEdALDL$beng$cStEdALDL$dWlAbNL$dUk$erda
=042  \\$aukscp
=082  04$a332.1015195$223
=100  1\$aMalherbe, Frédéric,$eauthor.
=245  10$aOptimal capital requirements over the business and financial cycles /$cFrédéric Malherbe.
=264  \1$aLondon :$bCentre for Economic Policy Research,$cFebruary 2015.
=300  \\$a40 pages :$billustrations ;$c21 cm.
=336  \\$atext$btxt$2rdacontent
=336  \\$astill image$bsti$2rdacontent
=337  \\$aunmediated$bn$2rdamedia
=338  \\$avolume$bnc$2rdacarrier
=490  1\$aDiscussion paper series,$x0265-8003 ;$vno. 10387
=500  \\$a"Submitted 26 January 2015."
=504  \\$aIncludes bibliographical references (pages 33-36).
=520  \\$aI propose a simple theory of intertwined business and financial cycles, where financial regulation both optimally responds to and influences the cycles. In this model, banks do not internalize the effect of their credit expansion on other banks' expected bankruptcy costs, which leads to excessive aggregate lending. In response, the regulator sets a capital requirement to trade off expected output against financial stability. The capital requirement that ensures investment efficiency depends on the state of the economy and, because of a general equilibrium effect, its stringency increases with aggregate banking capital. A regulation that fails to take this effect into account would exacerbate economic fluctuations and result in excessive aggregate lending during a boom. It would also allow for an excessive build-up of risk in the financial sector, which implies that, at the peak of a boom, even a small adverse shock could trigger a banking sector collapse, followed by an excessively severe credit crunch.
=588  \\$aDescription based on online resource; title from http://www.cepr.org/active/publications/discussion_papers/dp.php?dpno=10387 viewed February 3, 2015.
=650  \0$aBank capital$xEconometric models.
=650  \0$aBanks and banking$xState supervision$xEconometric models.
=650  \0$aBusiness cycles$xEconometric models.
=690  7\$aManagement and Business Studies$2blcoll
=710  2\$aCentre for Economic Policy Research (Great Britain),$epublisher.
=830  \0$aDiscussion paper (Centre for Economic Policy Research (Great Britain)).$pFinancial economics and international macroeconomics ;$vno. 10387.
=852  41$aBritish Library$bHMNTS$jYK.2018.a.1384
=856  40$uhttp://www.cepr.org/active/publications/discussion_papers/dp.php?dpno=10387
=985  \\$aLDLSCP record - no ISBN match on import to BLL01
=CAT  \\$aBATCH-LDLN$b00$c20150601$lBLL01$h2121
=CAT  \\$aBATCH-UPD$b00$c20150601$lBLL01$h2121
=CAT  \\$aBATCH-UPD$b00$c20171025$lBLL01$h1537
=CAT  \\$aBATCH-016$c20171220$lBLL01$h2200
=CAT  \\$a8964$b40$c20180315$lBLL01$h0848
=CAT  \\$aBATCH-MBS$c20180323$lBLL01$h2118
=FIN  \\$aY$d20180315
=FMT  \\$a  BK
=LAS  \\$aBATCH-MBS$b00$c20180323$lBLL01$h2118

