=LDR  02897 am a2200517 i 4500
=001  017377425
=003  Uk
=005  20180314111638.0
=008  150319s2015\\\\enk\\\\\\b\\\\000\0\eng\c
=015  \\$aGBB568804$2bnb
=016  7\$a017377425$2Uk
=020  \\$qpaperback
=035  \\$a(WlAbNL)vtls006834002
=040  \\$aStEdALDL$beng$cStEdALDL$dWlAbNL$dUk$erda
=042  \\$aukscp
=082  04$a338.473621$223
=100  10$aBoone, Jan,$eauthor.
=245  10$aHealth provider networks, quality and costs /$cJan Boone and Christoph Schottmüller.
=264  \1$aLondon :$bCentre for Economic Policy Research,$cFebruary 2015.
=300  \\$a37 pages ;$c21 cm.
=336  \\$atext$btxt$2rdacontent
=337  \\$aunmediated$bn$2rdamedia
=338  \\$avolume$bnc$2rdacarrier
=490  1\$aDiscussion paper series,$x0265-8003 ;$vno. 10381
=500  \\$a"Submitted 24 January 2015."
=504  \\$aIncludes bibliographical references (pages 35-37).
=520  \\$aWe provide a modeling framework to think about selective contracting in the health care sector. Two health care providers differ in quality and costs. When buying health insurance, consumers observe neither provider quality nor costs. We derive an equilibrium where health insurers signal provider quality through their choice of provider network. Selective contracting focuses on low cost providers. Contracting both providers signals high quality. Market power tends to lower quality and lead to inefficiency. In a dynamic extension of the model, providers under-invest in quality while there can be both over and under-investment in cost reductions if there is a monopoly insurer while an efficient investment equilibrium exists with insurer competition.
=588  \\$aDescription based on online resource; title from http://www.cepr.org/active/publications/discussion_papers/dp.php?dpno=10381 viewed February 2, 2015.
=650  \0$aHealth insurance$xDecision making.
=650  \0$aMedical economics.
=690  7\$aManagement and Business Studies$2blcoll
=700  1\$aSchottmuller, Christoph,$eauthor.
=710  2\$aCentre for Economic Policy Research (Great Britain)
=830  \0$aDiscussion paper (Centre for Economic Policy Research (Great Britain)).$pIndustrial organization and public economics ;$vno. 10381.
=852  41$aBritish Library$bHMNTS$jYK.2018.a.1364
=856  40$uhttp://www.cepr.org/active/publications/discussion_papers/dp.php?dpno=10381
=985  \\$aLDLSCP record - no ISBN match on import to BLL01
=CAT  \\$aBATCH-LDLN$b00$c20150601$lBLL01$h2121
=CAT  \\$aBATCH-UPD$b00$c20150601$lBLL01$h2121
=CAT  \\$aBATCH-UPD$b00$c20171025$lBLL01$h1537
=CAT  \\$aBATCH-016$c20171220$lBLL01$h2200
=CAT  \\$a11014$b40$c20180314$lBLL01$h1116
=CAT  \\$aBATCH-MBS$c20180323$lBLL01$h2118
=FIN  \\$aY$d20180314
=FMT  \\$a  BK
=LAS  \\$aBATCH-MBS$b00$c20180323$lBLL01$h2118

