=LDR  03067aam a2200553 i 4500
=001  017377480
=003  Uk
=005  20170406115511.0
=008  150526s2015\\\\enkd\\\\\b\\\\000\0\eng\c
=015  \\$aGBB568973$2bnb
=016  7\$a017377480$2Uk
=035  \\$a(IeDuTC)b161111737
=040  \\$aIeDuTC$beng$cIeDuTC$dUk$erda
=042  \\$aukscp
=082  04$a332.642015195$223
=100  1\$aAdrian, Tobias,$d1971-$eauthor.
=245  10$aRegression based estimation of dynamic asset pricing models /$cTobias Adrian, Richard K. Crump and Emanuel Moench.
=264  \1$aLondon, UK :$bCentre for Economic Policy Research,$c2015.
=300  \\$a53 pages :$bgraphs ;$c21 cm.
=336  \\$atext$2rdacontent
=337  \\$aunmediated$2rdamedia
=338  \\$avolume$2rdacarrier
=490  1\$aDiscussion paper series,$x0265-8003 ;$vno. 10449
=500  \\$a"March 2015."
=500  \\$a"Submitted 23 February 2015."
=504  \\$aIncludes bibliographical references.
=520  \\$aWe propose regression based estimators for beta representations of dynamic asset pricing models with an affine pricing kernel specification. We allow for state variables that are cross sectional pricing factors, forecasting variables for the price of risk, and factors that are both. The estimators explicitly allow for time varying prices of risk, time varying betas and serially dependent pricing factors. Our approach nests the Fama-MacBeth two-pass estimator as a special case. We provide asymptotic multistage standard errors necessary to conduct inference for asset pricing tests. We illustrate our new estimators in an application to the joint pricing of stocks and bonds. The application features strongly time varying, highly significant prices of risk which are found to be quantitatively more important than time varying betas in reducing pricing errors.
=650  \0$aCapital assets pricing model.
=650  \0$aAssets (Accounting)$xPrices$xEconometric models.
=650  \0$aRegression analysis.
=690  7\$aManagement and Business Studies$2blcoll
=700  1\$aCrump, Richard K.,$eauthor.
=700  1\$aMönch, Emanuel,$eauthor.
=710  2\$aCentre for Economic Policy Research (Great Britain),$epublisher.
=830  \0$aDiscussion paper (Centre for Economic Policy Research (Great Britain)) ;$vno. 10449.
=830  \0$aDiscussion paper (Centre for Economic Policy Research (Great Britain)).$pFinancial economics.
=852  41$aBritish Library$bHMNTS$jYK.2017.a.1511
=856  40$uhttp://www.cepr.org/active/publications/discussion_papers/dp.php?dpno=10449
=985  \\$aLDLSCP record - no ISBN match on import to BLL01
=CAT  \\$aBATCH-LDLN$b00$c20150601$lBLL01$h2123
=CAT  \\$aBATCH-UPD$b00$c20150601$lBLL01$h2124
=CAT  \\$a7732$b40$c20161012$lBLL01$h1309
=CAT  \\$aBATCH-016$c20161012$lBLL01$h2150
=CAT  \\$a9666$b40$c20170406$lBLL01$h1108
=CAT  \\$a9666$b40$c20170406$lBLL01$h1155
=CAT  \\$aBATCH-MBS$c20170421$lBLL01$h2121
=FIN  \\$aY$d20170406
=FMT  \\$a  BK
=LAS  \\$aBATCH-MBS$b00$c20170421$lBLL01$h2121

