=LDR  03262aam a2200553 i 4500
=001  017377488
=003  Uk
=005  20170223152623.0
=008  150526s2015\\\\enk\\\\\\b\\\\000\0\eng\c
=015  \\$aGBB568981$2bnb
=016  7\$a017377488$2Uk
=035  \\$a(IeDuTC)b16111216x
=040  \\$aIeDuTC$beng$cIeDuTC$dUk$erda
=042  \\$aukscp
=082  04$a338.064$223
=100  10$aBenabou, Roland,$eauthor.
=245  10$aReligion and innovation /$cRoland Bénabou, Davide Ticchi and Andrea Vindigni.
=264  \1$aLondon, UK :$bCentre for Economic Policy Research,$c2015.
=300  \\$a15 pages ;$c21 cm.
=336  \\$atext$2rdacontent
=337  \\$aunmediated$2rdamedia
=338  \\$avolume$2rdacarrier
=490  1\$aDiscussion paper series,$x0265-8003 ;$vno. 10518.$aDevelopment economics and Public economics
=500  \\$a"March 2015."
=500  \\$a"Submitted 21 March 2015."
=504  \\$aIncludes bibliographical references.
=520  \\$aIn earlier work (Bénabou, Ticchi and Vindigni 2013) we uncovered a robust negative association between religiosity and patents per capita, holding across countries as well as US states, with and without controls. In this paper we turn to the individual level, examining the relationship between religiosity and a broad set of pro- or anti-innovation attitudes in all five waves of the World Values Survey (1980 to 2005). We thus relate eleven indicators of individual openness to innovation, broadly defined (e.g., attitudes toward science and technology, new versus old ideas, change, risk taking, personal agency, imagination and independence in children) to five different measures of religiosity, including beliefs and attendance. We control for all standard socio-demographics as well as country, year and denomination fixed effects. Across the fifty-two estimated specifications, greater religiosity is almost uniformly and very significantly associated to less favorable views of innovation.
=650  \0$aTechnological innovations$xEconomic aspects$zUnited States.
=650  \0$aReligion$xEconomic aspects.
=650  \0$aEconomics$xReligious aspects.
=690  7\$aManagement and Business Studies$2blcoll
=700  1\$aTicchi, Davide,$eauthor.
=700  1\$aVindigni, Andrea,$eauthor.
=710  2\$aCentre for Economic Policy Research (Great Britain),$epublisher.
=830  \0$aDiscussion paper (Centre for Economic Policy Research (Great Britain)) ;$vno. 10518.
=830  \0$aDiscussion paper (Centre for Economic Policy Research (Great Britain)).$pDevelopment economics.
=830  \0$aDiscussion paper (Centre for Economic Policy Research (Great Britain)).$pPublic economics.
=852  41$aBritish Library$bHMNTS$jYK.2017.a.731
=856  40$uhttp://www.cepr.org/active/publications/discussion_papers/dp.php?dpno=10518
=985  \\$aLDLSCP record - no ISBN match on import to BLL01
=CAT  \\$aBATCH-LDLN$b00$c20150601$lBLL01$h2123
=CAT  \\$aBATCH-UPD$b00$c20150601$lBLL01$h2124
=CAT  \\$a7732$b40$c20161021$lBLL01$h1348
=CAT  \\$aBATCH-016$c20161026$lBLL01$h2153
=CAT  \\$a9671$b40$c20170223$lBLL01$h1526
=CAT  \\$aBATCH-MBS$c20170303$lBLL01$h2105
=FIN  \\$aY$d20170223
=FMT  \\$a  BK
=LAS  \\$aBATCH-MBS$b00$c20170303$lBLL01$h2105

