=LDR  02880aam a2200541 i 4500
=001  017388661
=003  Uk
=005  20170427160837.0
=008  150417s2015\\\\enka\\\\\b\\\\000\0\eng\c
=015  \\$aGBB572762$2bnb
=016  7\$a017388661$2Uk
=020  \\$qpaperback
=035  \\$a(WlAbNL)vtls006842931
=040  \\$aStEdALDL$beng$cStEdALDL$dWlAbNL$dUk$erda
=042  \\$aukscp
=082  04$a332.6$223
=100  1\$aGersbach, Hans,$eauthor.
=245  10$aHow much science? :$bthe 5 Ws (and 1 H) of investing in basic research /$cHans Gersbach, Ulrich Schetter and Maik T. Schneider.
=264  \1$aLondon :$bCentre for Economic Policy Research,$c2015.
=300  \\$a33 pages :$billustrations (black and white) ;$c21 cm.
=336  \\$atext$btxt$2rdacontent
=336  \\$astill image$bsti$2rdacontent
=337  \\$aunmediated$bn$2rdamedia
=338  \\$avolume$bnc$2rdacarrier
=490  1\$aDiscussion paper series,$x0265-8003 ;$vno. 10482
=500  \\$a"March 2015."
=500  \\$a"Submitted 26 February 2015."
=504  \\$aIncludes bibliographical references (pages 26-33).
=520  \\$aThe aim of this paper is to identify possibilities for guiding policy in the area of basic research. We provide an extended review of basic research and offer new insights on its linkages to key economic variables and economic growth. After defining what basic research is, we identify and discuss a series of emerging policy issues by asking why we should invest in basic research, who should invest how much in basic research and when, over the course of a country's development? We finally address the question where investments in basic research should be targeted. Moreover, we explain why many pressing issues regarding basic research policy deserve to be explored further.
=650  \0$aResearch$xEconomic aspects$xEconometric models.
=650  \0$aCapital investments$xEconometric models.
=650  \0$aEconomic development$xEconometric models.
=650  \0$aSchetter, Ulrich,$eauthor.
=690  7\$aManagement and Business Studies$2blcoll
=700  1\$aSchneider, Maik,$eauthor.
=710  2\$aCentre for Economic Policy Research (Great Britain),$eissuing body.
=830  \0$aDiscussion paper (Centre for Economic Policy Research (Great Britain)).$pIndustrial organization and public economics ;$vno. 10482.
=852  41$aBritish Library$bHMNTS$jYK.2017.a.1784
=856  40$uhttp://www.cepr.org/active/publications/discussion_papers/dp.php?dpno=10482
=985  \\$aLDLSCP record - no ISBN match on import to BLL01
=CAT  \\$aBATCH-LDLN$b00$c20150608$lBLL01$h2100
=CAT  \\$a7732$b40$c20161003$lBLL01$h1357
=CAT  \\$aBATCH-016$c20161005$lBLL01$h2148
=CAT  \\$a7143$b40$c20170427$lBLL01$h1608
=CAT  \\$aBATCH-MBS$c20170505$lBLL01$h2125
=FIN  \\$aY$d20170427
=FMT  \\$a  BK
=LAS  \\$aBATCH-MBS$b00$c20170505$lBLL01$h2125

