=LDR  03689aam a2200517 i 4500
=001  017388662
=003  Uk
=005  20170309145533.0
=008  150417s2015\\\\enka\\\\\b\\\\000\0\eng\c
=015  \\$aGBB572763$2bnb
=016  7\$a017388662$2Uk
=020  \\$qpaperback
=035  \\$a(WlAbNL)vtls006842953
=040  \\$aStEdALDL$beng$cStEdALDL$dWlAbNL$dUk$erda
=042  \\$aukscp
=082  04$a321.9$223
=100  1\$aGuriev, S. M.,$eauthor.
=245  10$aHow modern dictators survive :$bcooptation, censorship, propaganda, and repression /$cSergei Guriev and Daniel Treisman.
=264  \1$aLondon :$bCentre for Economic Policy Research,$c2015.
=300  \\$a36 pages :$billustrations (black and white) ;$c21 cm.
=336  \\$atext$btxt$2rdacontent
=336  \\$astill image$bsti$2rdacontent
=337  \\$aunmediated$bn$2rdamedia
=338  \\$avolume$bnc$2rdacarrier
=490  1\$aDiscussion paper series,$x0265-8003 ;$vno. 10454
=500  \\$a"March 2015."
=500  \\$a"Submitted 24 February 2015."
=504  \\$aIncludes bibliographical references (pages 29-30).
=520  \\$aWe develop an informational theory of dictatorship. Dictators survive not because of their use of force or ideology but because they convince the public -- rightly or wrongly -- that they are competent. Citizens do not observe the dictator's type but infer it from signals inherent in their living standards, state propaganda, and messages sent by an informed elite via independent media. If citizens conclude the dictator is incompetent, they overthrow him in a revolution. The dictator can invest in making convincing state propaganda, censoring independent media, co-opting the elite, or equipping police to repress attempted uprisings -- but he must finance such spending with taxes that depress the public's living standards. We show that incompetent dictators can survive as long as economic shocks are not too large. Moreover, their reputations for competence may grow over time. Censorship and co-optation of the elite are substitutes, but both are complements of propaganda. Repression of protests is a substitute for all the other techniques. In some equilibria the ruler uses propaganda and co-opts the elite; in others, propaganda is combined with censorship. The multiplicity of equilibria emerges due to coordination failure among members of the elite. We show that repression is used against ordinary citizens only as a last resort when the opportunities to survive through co-optation, censorship, and propaganda are exhausted. In the equilibrium with censorship, difficult economic times prompt higher relative spending on censorship and propaganda. The results illuminate tradeoffs faced by various recent dictatorships.
=650  \0$aDictators$xEconometric models.
=650  \0$aCensorship$xEconometric models.
=650  \0$aMass media$xPolitical aspects.
=650  \0$aInformation theory in economics.
=700  1\$aTreisman, Daniel,$eauthor.
=710  2\$aCentre for Economic Policy Research (Great Britain),$eissuing body.
=830  \0$aDiscussion paper (Centre for Economic Policy Research (Great Britain)).$pDevelopment economics and public economics ;$vno. 10454.
=852  41$aBritish Library$bHMNTS$jYC.2017.a.3964
=856  40$uhttp://www.cepr.org/active/publications/discussion_papers/dp.php?dpno=10454
=985  \\$aLDLSCP record - no ISBN match on import to BLL01
=CAT  \\$aBATCH-LDLN$b00$c20150608$lBLL01$h2100
=CAT  \\$a7732$b40$c20161003$lBLL01$h1402
=CAT  \\$aBATCH-016$c20161005$lBLL01$h2148
=CAT  \\$a9671$b40$c20170309$lBLL01$h1455
=FIN  \\$aY$d20170309
=FMT  \\$a  BK
=LAS  \\$a9671$b40$c20170309$lBLL01$h1455

