=LDR  03345aam a2200529 i 4500
=001  017388663
=003  Uk
=005  20170316170122.0
=008  150417s2015\\\\enka\\\\\b\\\\000\0\eng\c
=015  \\$aGBB572764$2bnb
=016  7\$a017388663$2Uk
=020  \\$qpaperback
=035  \\$a(WlAbNL)vtls006843008
=040  \\$aStEdALDL$beng$cStEdALDL$dWlAbNL$dUk$erda
=042  \\$aukscp
=082  04$a330.015195$223
=100  1\$aHennessy, Christopher A.,$d1970-$eauthor.
=245  10$aNatural experiment policy evaluation :$ba critique /$cChristopher Hennessy and Ilya A. Strebulaev.
=264  \1$aLondon :$bCentre for Economic Policy Research,$c2015.
=300  \\$a52 pages :$billustrations (black and white) ;$c21 cm.
=336  \\$atext$btxt$2rdacontent
=336  \\$astill image$bsti$2rdacontent
=337  \\$aunmediated$bn$2rdamedia
=338  \\$avolume$bnc$2rdacarrier
=490  1\$aDiscussion paper series,$x0265-8003 ;$vno. 10455
=500  \\$a"March 2015."
=500  \\$a"Submitted 11 February 2015."
=504  \\$aIncludes bibliographical references (pages 45-46).
=520  \\$aWe argue exogenous random treatment is insufficient for valid inference regarding the sign and magnitude of causal effects in dynamic environments. In such settings, treatment responses must be understood as contingent upon the typically unmodeled policy generating process. With binary assignment, this results in quantitatively significant attenuation bias. With more than two policy states, treatment responses can be biased downward, upward, or have the wrong sign. Further, it is not only generally invalid to extrapolate elasticities across policy processes, as argued by Lucas (1976), but also to extrapolate within the same policy process. We derive auxiliary assumptions beyond exogeneity for valid inference in dynamic settings. If all possible policy transitions are rare events, treatment responses approximate causal effects. However, reliance on rare events is overly-restrictive as the necessary and sufficient conditions for equality of treatment responses and causal effects is that policy variable changes have mean zero. If these conditions are not met, we show how treatment responses can nevertheless be corrected and mapped back to causal effects or extrapolated to forecast responses to future policy changes.
=650  \0$aEconomic policy$xEconometric models.
=650  \0$aEconometrics.
=690  7\$aManagement and Business Studies$2blcoll
=700  1\$aStrebulaev, I. A.$q(Ilʹi︠a︡ Alekseevich),$eauthor.
=710  2\$aCentre for Economic Policy Research (Great Britain),$eissuing body.
=830  \0$aDiscussion paper (Centre for Economic Policy Research (Great Britain)).$pFinancial economics ;$vno. 10455.
=852  41$aBritish Library$bHMNTS$jYK.2017.a.1211
=856  40$uhttp://www.cepr.org/active/publications/discussion_papers/dp.php?dpno=10455
=985  \\$aLDLSCP record - no ISBN match on import to BLL01
=CAT  \\$aBATCH-LDLN$b00$c20150608$lBLL01$h2100
=CAT  \\$aBATCH-UPD$b00$c20150608$lBLL01$h2101
=CAT  \\$a7732$b40$c20161010$lBLL01$h1636
=CAT  \\$aBATCH-016$c20161012$lBLL01$h2150
=CAT  \\$a7000$b40$c20170316$lBLL01$h1701
=CAT  \\$aBATCH-MBS$c20170324$lBLL01$h2111
=FIN  \\$aY$d20170316
=FMT  \\$a  BK
=LAS  \\$aBATCH-MBS$b00$c20170324$lBLL01$h2111

