=LDR  02826aam a2200505 i 4500
=001  017388664
=003  Uk
=005  20170426160649.0
=008  150417s2015\\\\enk\\\\\\b\\\\000\0\eng\c
=015  \\$aGBB572765$2bnb
=016  7\$a017388664$2Uk
=020  \\$qpaperback
=035  \\$a(WlAbNL)vtls006842968
=040  \\$aStEdALDL$beng$cStEdALDL$dWlAbNL$dUk$erda
=042  \\$aukscp
=082  04$a339.2$223
=100  1\$aKanbur, S. M. Ravi,$d1954-$eauthor.
=245  10$aHow useful is inequality of opportunity as a policy construct? /$cRavi Kanbur and Adam Wagstaff.
=264  \1$aLondon :$bCentre for Economic Policy Research,$c2015.
=300  \\$a18 pages ;$c21 cm.
=336  \\$atext$btxt$2rdacontent
=337  \\$aunmediated$bn$2rdamedia
=338  \\$avolume$bnc$2rdacarrier
=490  1\$aDiscussion paper series,$x0265-8003 ;$vno. 10508
=500  \\$a"March 2015."
=500  \\$a"Submitted 16 March 2015."
=504  \\$aIncludes bibliographical references (pages 16-18).
=520  \\$aThe academic literature on equality of opportunity has burgeoned. More recently, the concepts and measures have begun to be used by policy institutions, including in specific sectors like health and education. Indeed, it is argued that one advantage of focusing on equality of opportunity is that policy makers are more responsive to that discourse than on equality of outcomes per se. This paper presents a critique of equality of opportunity in the policy context. While the empirical analysis to which the literature has given rise is useful and is to be welcomed, current methods for quantifying and implementing the concept with a view to informing the policy discourse face a series of fundamental questions that remain unanswered. Without a full appreciation of these difficulties, these methods may prove to be misleading in the policy context.
=650  \0$aEquality$xEconometric models.
=650  \0$aWelfare economics$xEconometric models.
=690  7\$aManagement and Business Studies$2blcoll
=700  1\$aWagstaff, Adam,$eauthor.
=710  2\$aCentre for Economic Policy Research (Great Britain),$eissuing body.
=830  \0$aDiscussion paper (Centre for Economic Policy Research (Great Britain)).$pDevelopment economics and public economics ;$vno. 10508.
=852  41$aBritish Library$bHMNTS$jYK.2017.a.1761
=856  40$uhttp://www.cepr.org/active/publications/discussion_papers/dp.php?dpno=10508
=985  \\$aLDLSCP record - no ISBN match on import to BLL01
=CAT  \\$aBATCH-LDLN$b00$c20150608$lBLL01$h2100
=CAT  \\$a7732$b40$c20161011$lBLL01$h1149
=CAT  \\$aBATCH-016$c20161012$lBLL01$h2150
=CAT  \\$a7143$b40$c20170426$lBLL01$h1606
=CAT  \\$aBATCH-MBS$c20170505$lBLL01$h2125
=FIN  \\$aY$d20170426
=FMT  \\$a  BK
=LAS  \\$aBATCH-MBS$b00$c20170505$lBLL01$h2125

