=LDR  03322aam a2200541 i 4500
=001  017388665
=003  Uk
=005  20170222181515.0
=008  150417s2015\\\\enka\\\\\b\\\\000\0\eng\c
=015  \\$aGBB572766$2bnb
=016  7\$a017388665$2Uk
=020  \\$qpaperback
=035  \\$a(WlAbNL)vtls006842864
=040  \\$aStEdALDL$beng$cStEdALDL$dWlAbNL$dUk$erda
=042  \\$aukscp
=082  04$a305.2308750954$223
=100  1\$aJayachandran, Seema,$eauthor.
=245  10$aWhy are Indian children so short? /$cSeema Jayachandran and Rohini Pande.
=264  \1$aLondon :$bCentre for Economic Policy Research,$c2015.
=300  \\$a46 pages :$billustrations (black and white) ;$c21 cm.
=336  \\$atext$btxt$2rdacontent
=336  \\$astill image$bsti$2rdacontent
=337  \\$aunmediated$bn$2rdamedia
=338  \\$avolume$bnc$2rdacarrier
=490  1\$aDiscussion paper series,$x0265-8003 ;$vno. 10503
=500  \\$a"Submitted 12 March 2015."
=504  \\$aIncludes bibliographical references (pages 26-29).
=520  \\$aIndia's child stunting rate is among the highest in the world, exceeding that of many poorer African countries. In this paper, we analyze data for over 174,000 Indian and Sub-Saharan African children to show that Indian firstborns are taller than African firstborns; the Indian height disadvantage emerges with the second child and then increases with birth order. This pattern persists when we compare height between siblings, and also holds for health inputs such as vaccinations. Three patterns in the data indicate that India's culture of eldest son preference plays a key role in explaining the steeper birth order gradient among Indian children and, consequently, the overall height deficit. First, the Indian firstborn height advantage only exists for sons. Second, an Indian son with an older sibling is taller than his African counterpart if and only if he is the eldest son. Third, the India-Africa height deficit is largest for daughters with no older brothers, which reflects that fact that their families are those most likely to exceed their desired fertility in order to have a son.
=650  \0$aStature$xEconomic aspects$zIndia.
=650  \0$aChildren$xHealth and hygiene$xSex differences$xEconomic aspects$zIndia.
=650  \0$aChildren$xNutrition$xSex differences$xEconomic aspects$zIndia.
=650  \0$aSex of children, Parental preferences for$xEconomic aspects$zIndia.
=650  \0$aEconomic development$xHealth aspects$zIndia.
=690  7\$aSocial Welfare$2blcoll
=700  1\$aPande, Rohini,$eauthor.
=710  2\$aCentre for Economic Policy Research (Great Britain),$eissuing body.
=830  \0$aDiscussion paper (Centre for Economic Policy Research (Great Britain)).$pDevelopment economics ;$vno. 10503.
=852  41$aBritish Library$bHMNTS$jYK.2017.a.714
=856  40$uhttp://www.cepr.org/active/publications/discussion_papers/dp.php?dpno=10503
=985  \\$aLDLSCP record - no ISBN match on import to BLL01
=CAT  \\$aBATCH-LDLN$b00$c20150608$lBLL01$h2100
=CAT  \\$a7732$b40$c20161012$lBLL01$h1306
=CAT  \\$aBATCH-016$c20161012$lBLL01$h2150
=CAT  \\$a7000$b40$c20170222$lBLL01$h1815
=CAT  \\$aBATCH-SWP$c20170303$lBLL01$h2215
=FIN  \\$aY$d20170222
=FMT  \\$a  BK
=LAS  \\$aBATCH-SWP$b00$c20170303$lBLL01$h2215

