=LDR  03098aam a2200529 i 4500
=001  017388666
=003  Uk
=005  20170406094400.0
=008  150417s2015\\\\enka\\\\\b\\\\000\0\eng\c
=015  \\$aGBB572767$2bnb
=016  7\$a017388666$2Uk
=020  \\$qpaperback
=035  \\$a(WlAbNL)vtls006842798
=040  \\$aStEdALDL$beng$cStEdALDL$dWlAbNL$dUk$erda
=042  \\$aukscp
=082  04$a332.63232015195$223
=100  10$aWeale, Martin,$d1955-$eauthor.
=245  10$aWhat are the macroeconomic effects of asset purchases? /$cMartin Weale and Tomasz Wieladek.
=264  \1$aLondon :$bCentre for Economic Policy Research,$c2015.
=300  \\$a59 pages :$billustrations (black and white) ;$c21 cm.
=336  \\$atext$btxt$2rdacontent
=336  \\$astill image$bsti$2rdacontent
=337  \\$aunmediated$bn$2rdamedia
=338  \\$avolume$bnc$2rdacarrier
=490  1\$aDiscussion paper series,$x0265-8003 ;$vno. 10495
=500  \\$a"Submitted 02 March 2015."
=504  \\$aIncludes bibliographical references (pages 31-33, 57).
=520  \\$aWe examine the impact of large scale asset purchase announcements of government bonds on real GDP and the CPI in the United Kingdom and the United States with a Bayesian VAR, estimated on monthly data from 2009M3 to 2014M5. We identify an asset purchase announcement shock with four different identification schemes, always leaving the reactions of real GDP and CPI unrestricted, to test whether these variables react to asset purchases. We then explore the transmission channels of this policy. The results suggest that an asset purchase announcement of 1% of GDP leads to a statistically significant rise of .58% (.25%) and .62% (.32%) rise in real GDP and CPI for the US (UK). In the US, this policy is transmitted through the portfolio balance channel and a reduction in household uncertainty. In the UK, the policy seems to be mainly transmitted through the impact on investors' risk appetite and household uncertainty.
=650  \0$aMonetary policy$zGreat Britain$xEconometric models.
=650  \0$aGovernment securities$zGreat Britain$xEconometric models.
=650  \0$aInterest rates$zGreat Britain$xEconometric models.
=690  7\$aManagement and Business Studies$2blcoll
=700  1\$aWieladek, Tomasz,$eauthor.
=710  2\$aCentre for Economic Policy Research (Great Britain),$epublisher.
=830  \0$aDiscussion paper (Centre for Economic Policy Research (Great Britain)).$pInternational macroeconomics ;$vno. 10495.
=852  41$aBritish Library$bHMNTS$jYK.2017.a.1512
=856  40$uhttp://www.cepr.org/active/publications/discussion_papers/dp.php?dpno=10495
=985  \\$aLDLSCP record - no ISBN match on import to BLL01
=CAT  \\$aBATCH-LDLN$b00$c20150608$lBLL01$h2100
=CAT  \\$aBATCH-UPD$b00$c20150608$lBLL01$h2101
=CAT  \\$a7732$b40$c20161024$lBLL01$h1334
=CAT  \\$aBATCH-016$c20161026$lBLL01$h2153
=CAT  \\$a9666$b40$c20170406$lBLL01$h0944
=CAT  \\$aBATCH-MBS$c20170421$lBLL01$h2121
=FIN  \\$aY$d20170406
=FMT  \\$a  BK
=LAS  \\$aBATCH-MBS$b00$c20170421$lBLL01$h2121

