=LDR  02252cam a2200589 a 4500
=001  013793494
=003  Uk
=005  20230302090949.0
=008  070804s2007\\\\enka\\\\\b\\\\000\0\eng\d
=015  \\$aGBA8C0782$2bnb
=016  7\$a013793494$2Uk
=020  \\$cNo price (pbk.)
=035  \\$a(OCoLC)166279533
=040  \\$aEQO$cEQO$dGZM$dUk
=042  \\$aukblsr
=043  \\$ae-ne---
=082  04$a381.17015195$222
=100  1\$aBerg, Gerard J. van den.
=245  10$aIf winning isn't everything, why do they keep score? :$ba structural empirical analysis of Dutch flower auctions /$cGerard J. van den Berg, Bas van der Klaauw.
=260  \\$aLondon :$bCentre for Economic Policy Research,$c2007.
=300  \\$a49 p. :$bill. ;$c21 cm.
=336  \\$atext$2rdacontent
=337  \\$aunmediated$2rdamedia
=338  \\$avolume$2rdacarrier
=490  1\$aDiscussion paper series,$x0265-8003 ;$vno. 6323
=500  \\$aTitle from the cover.
=500  \\$a"Industrial organization"--cover.
=504  \\$aIncludes bibliographical references.
=530  \\$aAlso available from the CEPR World Wide Web site (www.cepr.org).
=650  \0$aAuctions$xEconometric models.
=650  \0$aSelling$xEconometric models.
=650  \0$aCut flower industry$zNetherlands$xEconometric models.
=690  7\$aManagement and Business Studies$2blcoll
=700  1\$aKlaauw, Bas van der.
=710  2\$aCentre for Economic Policy Research (Great Britain)
=830  \0$aDiscussion paper (Centre for Economic Policy Research (Great Britain)) ;$vno. 6323.
=852  41$aBritish Library$bHMNTS$jYC.2008.a.10344
=856  41$uhttp://www.cepr.org/pubs/dps/DP6323.asp
=CAT  \\$a12493$b40$c20070716$lBLL01$h1143
=CAT  \\$a5751$b40$c20081021$lBLL01$h1347
=CAT  \\$a5751$b40$c20081021$lBLL01$h1349
=CAT  \\$a5751$b40$c20081021$lBLL01$h1417
=CAT  \\$a5751$b40$c20081021$lBLL01$h1632
=CAT  \\$aBATCH$b00$c20090625$lBLL01$h1703
=CAT  \\$aWR16_021$c20160617$lBLL01$h1829
=CAT  \\$aBATCH-UPD$b00$c20160617$lBLL01$h2127
=CAT  \\$aBATCH-UPD$b00$c20220924$lBLL01$h1741
=CAT  \\$a8250$b40$c20230302$lBLL01$h0909
=FIN  \\$aY$d20081021
=FMT  \\$a  BK
=LAS  \\$a8250$b40$c20230302$lBLL01$h0909
=SID  \\$aZ39$bOCLC

