=LDR  02092 am a2200541 a 4500
=001  013793514
=003  Uk
=005  20081021163937.0
=008  070827s2007\\\\enka\\\\\b\\\\000\0\eng\d
=015  \\$aGBA8C0828$2bnb
=016  7\$a013793514$2Uk
=020  \\$cNo price (pbk.)
=035  \\$a(OCoLC)166868376
=040  \\$aEQO$cEQO$dGZM$dUk
=042  \\$aukblsr
=043  \\$aae-----
=082  04$a336.34335$222
=100  1\$aKirsanova, Tatiana,$d1967-
=245  10$aStiglitz versus the IMF on the Asian debt crisis :$ban intertemporal model with real exchange rate overshooting /$cTatiana Kirsanova, Gordon Menzies, David Vines.
=260  \\$aLondon :$bCentre for Economic Policy Research,$c2007.
=300  \\$a26 p. :$bill. ;$c21 cm.
=336  \\$atext$2rdacontent
=337  \\$aunmediated$2rdamedia
=338  \\$avolume$2rdacarrier
=490  1\$aDiscussion paper series,$x0265-8003 ;$vno. 6318
=500  \\$aTitle taken from the cover.
=500  \\$a"International macroeconomics"--cover.
=504  \\$aIncludes bibliographical references.
=530  \\$aAlso available from the CEPR World Wide Web site (www.cepr.org).
=650  \0$aDebts, External$zEast Asia$xEconometric models.
=650  \0$aForeign exchange rates$zEast Asia$xEconometric models.
=650  \0$aFinancial crises$zEast Asia$xEconometric models.
=690  7\$aManagement and Business Studies$2blcoll
=700  1\$aMenzies, Gordon Douglas.
=700  1\$aVines, David.
=710  2\$aCentre for Economic Policy Research (Great Britain)
=830  \0$aDiscussion paper (Centre for Economic Policy Research (Great Britain)) ;$vno. 6318.
=852  41$aBritish Library$bHMNTS$jYC.2008.a.10340
=856  41$uhttp://www.cepr.org/pubs/dps/DP6318.asp
=CAT  \\$a12493$b40$c20070716$lBLL01$h1154
=CAT  \\$a5751$b40$c20081021$lBLL01$h1623
=CAT  \\$a5751$b40$c20081021$lBLL01$h1639
=CAT  \\$aBATCH$b00$c20090625$lBLL01$h1703
=CAT  \\$aWR16_021$c20160617$lBLL01$h1829
=FIN  \\$aY$d20081021
=FMT  \\$a  BK
=LAS  \\$aWR16_021$b00$c20160617$lBLL01$h1829
=SID  \\$aZ39$bOCLC

