=LDR  02528 am a2200649 a 4500
=001  013793528
=003  Uk
=005  20081022162433.0
=008  070827s2007\\\\enka\\\\\b\\\\000\0\eng\d
=015  \\$aGBA8C2533$2bnb
=016  7\$a013793528$2Uk
=020  \\$cNo price (pbk.)
=035  \\$a(OCoLC)166868421
=040  \\$aEQO$cEQO$dGZM$dOCLCG$dUk
=042  \\$aukblsr
=043  \\$an-us---$ae------
=082  04$a331.12$222
=100  10$aMichelacci, C.$q(Claudio)
=245  14$aThe effects of labor market conditions on working time :$bthe US-EU experience /$cClaudio Michelacci, Josep Pijoan-Mas.
=246  3\$aEffects of labour market conditions on working time
=260  \\$aLondon :$bCentre for Economic Policy Research,$c2007.
=300  \\$a46 p. :$bill. ;$c21 cm.
=336  \\$atext$2rdacontent
=337  \\$aunmediated$2rdamedia
=338  \\$avolume$2rdacarrier
=490  1\$aDiscussion paper series,$x0265-8003 ;$vno. 6314
=500  \\$a"International macroeconomics and labour economics"--cover.
=504  \\$aIncludes bibliographical references.
=530  \\$aAlso available from the CEPR World Wide Web site (www.cepr.org).
=650  \0$aLabor market$zUnited States.
=650  \0$aLabor market$zEuropean Union countries.
=650  \0$aHours of labor$zUnited States.
=650  \0$aHours of labor$zEuropean Union countries.
=650  \0$aJob hunting$zUnited States.
=650  \0$aJob hunting$zEuropean Union countries.
=650  \0$aWage differentials$zUnited States.
=650  \0$aWage differentials$zEuropean Union countries.
=690  7\$aManagement and Business Studies$2blcoll
=690  7\$aSocial Welfare$2blcoll
=700  1\$aPijoan-Mas, Josep.
=710  2\$aCentre for Economic Policy Research (Great Britain)
=830  \0$aDiscussion paper (Centre for Economic Policy Research (Great Britain)) ;$vno. 6314.
=852  41$aBritish Library$bHMNTS$jYC.2008.a.10397
=856  41$uhttp://www.cepr.org/pubs/dps/DP6314.asp
=CAT  \\$a12493$b40$c20070716$lBLL01$h1158
=CAT  \\$a5751$b40$c20081022$lBLL01$h1120
=CAT  \\$a5751$b40$c20081022$lBLL01$h1623
=CAT  \\$a5751$b40$c20081022$lBLL01$h1624
=CAT  \\$aBATCH$b00$c20090625$lBLL01$h1703
=CAT  \\$aBATCH$b00$c20110625$lBLL01$h0529
=CAT  \\$aBATCH-SWP4$c20110627$lBLL01$h1612
=CAT  \\$aWR16_021$c20160617$lBLL01$h1829
=CAT  \\$aBATCH-UPD$b00$c20160617$lBLL01$h2127
=FIN  \\$aY$d20081022
=FMT  \\$a  BK
=LAS  \\$aBATCH-UPD$b00$c20160617$lBLL01$h2127
=SID  \\$aZ39$bOCLC

