=LDR  01990 am a2200529 a 4500
=001  013793690
=003  Uk
=005  20081024085713.0
=008  070804s2007\\\\enk\\\\\\b\\\\000\0\eng\d
=015  \\$aGBA8C2550$2bnb
=016  7\$a013793690$2Uk
=020  \\$cNo price (pbk.)
=035  \\$a(OCoLC)166279540
=040  \\$aEQO$cEQO$dGZM$dOCLCG$dUk
=042  \\$aukblsr
=082  04$a352.84$222
=100  1\$aGeradin, Damien.
=245  14$aThe ex ante auction model for the control of market power in standard setting organizations /$cDamien Geradin, Anna Layne-Farrar, Atilano Jorge Padilla.
=260  \\$aLondon :$bCentre for Economic Policy Research,$c2007.
=300  \\$a33 p. ;$c21 cm.
=336  \\$atext$2rdacontent
=337  \\$aunmediated$2rdamedia
=338  \\$avolume$2rdacarrier
=490  1\$aDiscussion paper series,$x0265-8003 ;$vno. 6304
=500  \\$a"Industrial organisation"--cover.
=504  \\$aIncludes bibliographical references.
=530  \\$aAlso available from the CEPR World Wide Web site (www.cepr.org).
=650  \0$aLicense agreements.
=650  \0$aProduction standards.
=690  7\$aManagement and Business Studies$2blcoll
=700  1\$aLayne-Farrar, Anne.
=700  1\$aPadilla, A. Jorge$q(Atilano Jorge),$d1965-
=710  2\$aCentre for Economic Policy Research (Great Britain)
=830  \0$aDiscussion paper (Centre for Economic Policy Research (Great Britain)) ;$vno. 6304.
=852  41$aBritish Library$bHMNTS$jYC.2008.a.10481
=856  41$uhttp://www.cepr.org/pubs/dps/DP6304.asp
=CAT  \\$a12493$b40$c20070716$lBLL01$h1327
=CAT  \\$a12493$b40$c20070716$lBLL01$h1328
=CAT  \\$a5751$b40$c20081022$lBLL01$h1147
=CAT  \\$a5751$b40$c20081023$lBLL01$h0906
=CAT  \\$a5751$b40$c20081024$lBLL01$h0857
=CAT  \\$aBATCH$b00$c20090625$lBLL01$h1703
=CAT  \\$aWR16_021$c20160617$lBLL01$h1829
=FIN  \\$aY$d20081024
=FMT  \\$a  BK
=LAS  \\$aWR16_021$b00$c20160617$lBLL01$h1829
=SID  \\$aZ39$bOCLC

