=LDR  01985 am a2200541 a 4500
=001  013793692
=003  Uk
=005  20081022163535.0
=008  070827s2007\\\\enkab\\\\b\\\\000\0\eng\d
=015  \\$aGBA8C2597$2bnb
=016  7\$a013793692$2Uk
=020  \\$cNo price (pbk.)
=035  \\$a(OCoLC)166454931
=040  \\$aEQO$cEQO$dGZM$dOCLCG$dUk
=042  \\$aukblsr
=082  04$a338.542$222
=100  1\$aRose, Andrew,$d1959-
=245  10$aInternational financial remoteness and macroeconomic volatility /$cAndrew K. Rose, Mark Spiegel.
=260  \\$aLondon :$bCentre for Economic Policy Research,$c2007.
=300  \\$a32 p. :$bill., map ;$c21 cm.
=336  \\$atext$2rdacontent
=337  \\$aunmediated$2rdamedia
=338  \\$avolume$2rdacarrier
=490  1\$aDiscussion paper series,$x0265-8003 ;$vno. 6301
=500  \\$a"International macroeconomics"--cover.
=504  \\$aIncludes bibliographical references.
=530  \\$aAlso available from the CEPR World Wide Web site (www.cepr.org).
=650  \0$aBusiness cycles.
=650  \0$aInternational finance.
=650  \0$aCapital movements.
=690  7\$aManagement and Business Studies$2blcoll
=700  1\$aSpiegel, Mark.
=710  2\$aCentre for Economic Policy Research (Great Britain)
=830  \0$aDiscussion paper (Centre for Economic Policy Research (Great Britain)) ;$vno. 6301.
=852  41$aBritish Library$bHMNTS$jYC.2008.a.10391
=856  41$uhttp://www.cepr.org/pubs/dps/DP6301.asp
=CAT  \\$a12493$b40$c20070716$lBLL01$h1329
=CAT  \\$a12493$b40$c20070716$lBLL01$h1330
=CAT  \\$a5751$b40$c20081022$lBLL01$h1449
=CAT  \\$a5751$b40$c20081022$lBLL01$h1635
=CAT  \\$aBATCH$b00$c20090625$lBLL01$h1703
=CAT  \\$aWR16_021$c20160617$lBLL01$h1829
=CAT  \\$aBATCH-UPD$b00$c20160617$lBLL01$h2127
=CAT  \\$aBATCH-UPD$b00$c20200509$lBLL01$h0718
=FIN  \\$aY$d20081022
=FMT  \\$a  BK
=LAS  \\$aBATCH-UPD$b00$c20200509$lBLL01$h0718
=SID  \\$aZ39$bOCLC

