=LDR  01811 am a2200505 a 4500
=001  013793708
=003  Uk
=005  20081022164234.0
=008  070804s2007\\\\enk\\\\\\b\\\\000\0\eng\d
=015  \\$aGBA8C2608$2bnb
=016  7\$a013793708$2Uk
=020  \\$cNo price (pbk.)
=035  \\$a(OCoLC)166279527
=040  \\$aEQO$cEQO$dGZM$dUk
=042  \\$aukblsr
=082  04$a363.6$222
=100  10$aCalzolari, Giacomo.
=245  10$aRegulating a multi-utility firm /$cGiacomo Calzolari, Carlo Scarpa.
=260  \\$aLondon :$bCentre for Economic Policy Research,$c2007.
=300  \\$a30 p. ;$c21 cm.
=336  \\$atext$2rdacontent
=337  \\$aunmediated$2rdamedia
=338  \\$avolume$2rdacarrier
=490  1\$aDiscussion paper series,$x0265-8003 ;$vno. 6238
=500  \\$a"Industrial organization"--cover.
=504  \\$aIncludes bibliographical references.
=530  \\$aAlso available from the CEPR World Wide Web site (www.cepr.org).
=650  \0$aPublic utilities$xLaw and legislation.
=650  \0$aDiversification in industry.
=700  1\$aScarpa, Carlo.
=710  2\$aCentre for Economic Policy Research (Great Britain)
=830  \0$aDiscussion paper (Centre for Economic Policy Research (Great Britain)) ;$vno. 6238.
=852  41$aBritish Library$bHMNTS$jYC.2008.a.10387
=856  41$uhttp://www.cepr.org/pubs/dps/DP6238.asp
=CAT  \\$a12493$b40$c20070716$lBLL01$h1343
=CAT  \\$a12493$b40$c20070716$lBLL01$h1344
=CAT  \\$a12493$b40$c20070716$lBLL01$h1345
=CAT  \\$a5751$b40$c20081022$lBLL01$h1550
=CAT  \\$a5751$b40$c20081022$lBLL01$h1642
=CAT  \\$aBATCH-UPD$b40$c20150819$lBLL01$h1627
=CAT  \\$aWR16_021$c20160617$lBLL01$h1829
=FIN  \\$aY$d20081022
=FMT  \\$a  BK
=LAS  \\$aWR16_021$b00$c20160617$lBLL01$h1829
=SID  \\$aZ39$bOCLC

