=LDR  01984 am a2200553 a 4500
=001  013793715
=003  Uk
=005  20081024090021.0
=008  070804s2007\\\\enk\\\\\\b\\\\000\0\eng\d
=015  \\$aGBA8C2591$2bnb
=016  7\$a013793715$2Uk
=020  \\$cNo price (pbk.)
=035  \\$a(OCoLC)166279553
=040  \\$aEQO$cEQO$dGZM$dUk
=042  \\$aukblsr
=082  04$a302.3$222
=100  1\$aKonrad, Kai Andreas.
=245  10$aSelf-enforcing norms and the efficient non-cooperative organization of clans /$cKai A. Konrad, Wolfgang Leininger.
=260  \\$aLondon :$bCentre for Economic Policy Research,$c2007.
=300  \\$a24 p. ;$c21 cm.
=336  \\$atext$2rdacontent
=337  \\$aunmediated$2rdamedia
=338  \\$avolume$2rdacarrier
=490  1\$aDiscussion paper series,$x0265-8003 ;$vno. 6333
=500  \\$a"Public policy"--cover.
=504  \\$aIncludes bibliographical references.
=530  \\$aAlso available from the CEPR World Wide Web site (www.cepr.org).
=650  \0$aClans.
=650  \0$aSocial norms.
=650  \0$aSocial conflict.
=650  \0$aNoncooperative games (Mathematics)
=690  7\$aManagement and Business Studies$2blcoll
=690  7\$aSocial Welfare$2blcoll
=700  1\$aLeininger, Wolfgang.
=710  2\$aCentre for Economic Policy Research (Great Britain)
=830  \0$aDiscussion paper (Centre for Economic Policy Research (Great Britain)) ;$vno. 6333.
=852  41$aBritish Library$bHMNTS$jYC.2008.a.10478
=856  41$uhttp://www.cepr.org/pubs/dps/DP6333.asp
=CAT  \\$a12493$b40$c20070716$lBLL01$h1346
=CAT  \\$a5751$b40$c20081022$lBLL01$h1433
=CAT  \\$a5751$b40$c20081024$lBLL01$h0900
=CAT  \\$aBATCH$b00$c20090625$lBLL01$h1703
=CAT  \\$aBATCH$b00$c20110625$lBLL01$h0529
=CAT  \\$aBATCH-SWP4$c20110627$lBLL01$h1612
=CAT  \\$aWR16_021$c20160617$lBLL01$h1829
=FIN  \\$aY$d20081024
=FMT  \\$a  BK
=LAS  \\$aWR16_021$b00$c20160617$lBLL01$h1829
=SID  \\$aZ39$bOCLC

