=LDR  02020 am a2200541 a 4500
=001  013793788
=003  Uk
=005  20081022163026.0
=008  070804s2007\\\\enka\\\\\b\\\\000\0\eng\d
=015  \\$aGBA8C2520$2bnb
=016  7\$a013793788$2Uk
=020  \\$cNo price (pbk.)
=035  \\$a(OCoLC)166279513
=040  \\$aEQO$cEQO$dGZM$dOCLCG$dUk
=042  \\$aukblsr
=082  04$a658.4$222
=100  10$aMarin, Dalia.
=245  10$aCompeting in organizations :$bfirm heterogeneity and international trade /$cDalia Marin, Thierry Verdier.
=260  \\$aLondon :$bCentre for Economic Policy Research,$c2007.
=300  \\$a33 p. :$bill. ;$c21 cm.
=336  \\$atext$2rdacontent
=337  \\$aunmediated$2rdamedia
=338  \\$avolume$2rdacarrier
=490  1\$aDiscussion paper series,$x0265-8003 ;$vno. 6342
=500  \\$a"Industrial organization and international trade"--cover.
=504  \\$aIncludes bibliographical references.
=530  \\$aAlso available from the CEPR World Wide Web site (www.cepr.org).
=650  \0$aIndustrial organization.
=650  \0$aOrganizational effectiveness.
=650  \0$aInternational trade.
=650  \0$aInterorganizational relations.
=690  7\$aManagement and Business Studies$2blcoll
=700  1\$aVerdier, Thierry,$d1961-
=710  2\$aCentre for Economic Policy Research (Great Britain)
=830  \0$aDiscussion paper (Centre for Economic Policy Research (Great Britain)) ;$vno. 6342.
=852  41$aBritish Library$bHMNTS$jYC.2008.a.10395
=856  41$uhttp://www.cepr.org/pubs/dps/DP6342.asp
=CAT  \\$a12493$b40$c20070716$lBLL01$h1423
=CAT  \\$a12493$b40$c20070716$lBLL01$h1424
=CAT  \\$a5751$b40$c20081022$lBLL01$h1038
=CAT  \\$a5751$b40$c20081022$lBLL01$h1630
=CAT  \\$aBATCH$b00$c20090625$lBLL01$h1703
=CAT  \\$aWR16_021$c20160617$lBLL01$h1829
=CAT  \\$aBATCH-UPD$b00$c20160617$lBLL01$h2127
=FIN  \\$aY$d20081022
=FMT  \\$a  BK
=LAS  \\$aBATCH-UPD$b00$c20160617$lBLL01$h2127
=SID  \\$aZ39$bOCLC

