=LDR  01907 am a2200529 a 4500
=001  013793834
=003  Uk
=005  20081022164336.0
=008  070804s2007\\\\enk\\\\\\b\\\\000\0\eng\d
=015  \\$aGBA8C2612$2bnb
=016  7\$a013793834$2Uk
=020  \\$cNo price
=035  \\$a(OCoLC)166279538
=040  \\$aEQO$cEQO$dGZM$dUk
=042  \\$aukblsr
=082  04$a658.4$222
=100  1\$aBuccirossi, Paolo.
=245  10$aCorporate governance and collusive behaviour /$cPaolo Buccirossi, Giancarlo Spagnolo.
=260  \\$aLondon :$bCentre for Economic Policy Research,$c2007.
=300  \\$a21 p. ;$c21 cm.
=336  \\$atext$2rdacontent
=337  \\$aunmediated$2rdamedia
=338  \\$avolume$2rdacarrier
=490  1\$aDiscussion paper series,$x0265-8003 ;$vno. 6349
=500  \\$a"Financial economics and industrial organization"--cover.
=504  \\$aIncludes bibliographical references.
=530  \\$aAlso available from the CEPR World Wide Web site (www.cepr.org).
=650  \0$aCorporate governance.
=650  \0$aAntitrust law.
=650  \0$aCompetition, Unfair.
=650  \0$aCorporations$xCorrupt practices.
=690  7\$aManagement and Business Studies$2blcoll
=700  1\$aSpagnolo, Giancarlo.
=710  2\$aCentre for Economic Policy Research (Great Britain)
=830  \0$aDiscussion paper (Centre for Economic Policy Research (Great Britain)) ;$vno. 6349.
=852  41$aBritish Library$bHMNTS$jYC.2008.a.10386
=852  41$aBritish Library$bDSC$jOn order
=856  41$uhttp://www.cepr.org/pubs/dps/DP6349.asp
=CAT  \\$a12493$b40$c20070716$lBLL01$h1447
=CAT  \\$a5751$b40$c20081022$lBLL01$h1600
=CAT  \\$a5751$b40$c20081022$lBLL01$h1643
=CAT  \\$aBATCH$b00$c20090625$lBLL01$h1703
=CAT  \\$aWR16_021$c20160617$lBLL01$h1829
=FIN  \\$aY$d20081022
=FMT  \\$a  BK
=LAS  \\$aWR16_021$b00$c20160617$lBLL01$h1829
=SID  \\$aZ39$bOCLC

