=LDR  01876 am a2200529 a 4500
=001  013793865
=003  Uk
=005  20081021163647.0
=008  070827s2007\\\\enka\\\\\b\\\\000\0\eng\d
=015  \\$aGBA8C0803$2bnb
=016  7\$a013793865$2Uk
=020  \\$cNo price (pbk.)
=035  \\$a(OCoLC)166454951
=040  \\$aEQO$cEQO$dGZM$dUk
=042  \\$aukblsr
=082  04$a332.410968$222
=100  10$aAron, Janine.
=245  10$aInflation dynamics and trade openness /$cJanine Aron, John Muellbauer.
=260  \\$aLondon :$bCentre for Economic Policy Research,$c2007.
=300  \\$a40 p. :$bill. ;$c21 cm.
=336  \\$atext$2rdacontent
=337  \\$aunmediated$2rdamedia
=338  \\$avolume$2rdacarrier
=490  1\$aDiscussion paper series,$x0265-8003 ;$vno. 6346
=500  \\$aTitle taken from the cover.
=500  \\$a"International macroeconomics"--cover.
=504  \\$aIncludes bibliographical references.
=530  \\$aAlso available from the CEPR World Wide Web site (www.cepr.org).
=650  \0$aInflation (Finance)
=650  \0$aCommercial policy.
=650  \0$aTariff.
=690  7\$aManagement and Business Studies$2blcoll
=700  1\$aMuellbauer, John.
=710  2\$aCentre for Economic Policy Research (Great Britain)
=830  \0$aDiscussion paper (Centre for Economic Policy Research (Great Britain)) ;$vno. 6346.
=852  41$aBritish Library$bHMNTS$jYC.2008.a.10343
=856  41$uhttp://www.cepr.org/pubs/dps/DP6346.asp
=CAT  \\$a12493$b40$c20070716$lBLL01$h1511
=CAT  \\$a5751$b40$c20081021$lBLL01$h1446
=CAT  \\$a5751$b40$c20081021$lBLL01$h1636
=CAT  \\$aBATCH$b00$c20090625$lBLL01$h1703
=CAT  \\$aWR16_021$c20160617$lBLL01$h1829
=CAT  \\$aBATCH-UPD$b00$c20160617$lBLL01$h2127
=FIN  \\$aY$d20081021
=FMT  \\$a  BK
=LAS  \\$aBATCH-UPD$b00$c20160617$lBLL01$h2127
=SID  \\$aZ39$bOCLC

