=LDR  02176 am a2200565 a 4500
=001  013793869
=003  Uk
=005  20081022113506.0
=008  070827s2007\\\\enka\\\\\b\\\\000\0\eng\d
=015  \\$aGBA8C0793$2bnb
=016  7\$a013793869$2Uk
=020  \\$cNo price (pbk.)
=035  \\$a(OCoLC)166868374
=040  \\$aEQO$cEQO$dGZM$dOCLCG$dUk
=042  \\$aukblsr
=043  \\$af-sa---
=082  04$a332.67320968$222
=100  1\$aHuizinga, Harry.
=245  10$aCapital controls and foreign investor subsidies implicit South Africa's dual exchange rate system /$cHarry Huizinga, Eric Schaling, Peter C. van der Windt.
=260  \\$aLondon :$bCentre for Economic Policy Research,$c2007.
=300  \\$a40 p. :$bill. ;$c21 cm.
=336  \\$atext$2rdacontent
=337  \\$aunmediated$2rdamedia
=338  \\$avolume$2rdacarrier
=490  1\$aDiscussion paper series,$x0265-8003 ;$vno. 6347
=500  \\$aTitle from the cover.
=500  \\$a"International macroeconomics"--cover.
=504  \\$aIncludes bibliographical references.
=530  \\$aAlso available from the CEPR World Wide Web site (www.cepr.org).
=650  \0$aInvestments, Foreign$zSouth Africa.
=650  \0$aForeign exchange rates$zSouth Africa.
=650  \0$aForeign exchange administration$zSouth Africa.
=650  \0$aCapital movements$xLaw and legislation$zSouth Africa.
=690  7\$aManagement and Business Studies$2blcoll
=700  1\$aSchaling, Eric,$d1962-
=700  1\$aWindt, Peter C. van der.
=710  2\$aCentre for Economic Policy Research (Great Britain)
=830  \0$aDiscussion paper (Centre for Economic Policy Research (Great Britain)) ;$vno. 6347.
=852  41$aBritish Library$bHMNTS$jYC.2008.a.10360
=856  41$uhttp://www.cepr.org/pubs/dps/DP6347.asp
=CAT  \\$a12493$b40$c20070716$lBLL01$h1513
=CAT  \\$a5751$b40$c20081021$lBLL01$h1429
=CAT  \\$a5751$b40$c20081021$lBLL01$h1635
=CAT  \\$a10743$b40$c20081022$lBLL01$h1135
=CAT  \\$aBATCH$b00$c20090625$lBLL01$h1703
=CAT  \\$aWR16_021$c20160617$lBLL01$h1829
=FIN  \\$aY$d20081021
=FMT  \\$a  BK
=LAS  \\$aWR16_021$b00$c20160617$lBLL01$h1829
=SID  \\$aZ39$bOCLC

