=LDR  02126 am a2200565 a 4500
=001  015328889
=003  Uk
=005  20100519154418.0
=008  090413s2009\\\\enka\\\\\b\\\\000\0\eng\d
=015  \\$aGBB063875$2bnb
=016  7\$a015328889$2Uk
=035  \\$a(OCoLC)318361159
=040  \\$aGZM$cGZM$dGZM$dUk
=042  \\$aukblsr
=082  04$a382.9$222
=100  10$aLimão, Nuno.
=245  10$aPolicy choice :$btheory and evidence from a commitment via international trade agreements /$cNuno Limão, Patricia Tovar.
=260  \\$aLondon :$bCentre for Economic Policy Research,$c2009.
=300  \\$a54 p. :$bill. ;$c22 cm.
=336  \\$atext$2rdacontent
=337  \\$aunmediated$2rdamedia
=338  \\$avolume$2rdacarrier
=490  1\$aDiscussion paper series,$x0265-8003 ;$vno. 7137
=500  \\$aTitle from the cover.
=500  \\$a"International trade and regional economics and public policy".
=504  \\$aIncludes bibliographical references.
=650  \0$aCommercial treaties$xPolitical aspects.
=650  \0$aCommercial treaties$xEconometric models.
=650  \0$aPressure groups.
=650  \0$aNon-tariff trade barriers.
=690  7\$aManagement and Business Studies$2blcoll
=700  1\$aTovar, Patricia.
=710  2\$aCentre for Economic Policy Research (Great Britain)
=830  \0$aDiscussion paper (Centre for Economic Policy Research (Great Britain)) ;$vno. 7137.
=852  41$aBritish Library$bHMNTS$jYK.2010.a.14312
=856  41$uhttp://www.cepr.org/pubs/dps/DP7137.asp
=CAT  \\$a10876$b40$c20090716$lBLL01$h1256
=CAT  \\$a10876$b40$c20090716$lBLL01$h1257
=CAT  \\$a5751$b40$c20100519$lBLL01$h1358
=CAT  \\$a5751$b40$c20100519$lBLL01$h1544
=CAT  \\$aBATCH-UPD$b40$c20100530$lBLL01$h1632
=CAT  \\$aBATCH690$c20100715$lBLL01$h2114
=CAT  \\$aBATCH-UPD$b00$c20100715$lBLL01$h2345
=CAT  \\$aBATCH-MBS$c20100716$lBLL01$h2056
=CAT  \\$aWR16_021$c20160624$lBLL01$h1828
=CAT  \\$aBATCH-UPD$b00$c20160624$lBLL01$h2133
=FIN  \\$aY$d20100519
=FMT  \\$a  BK
=LAS  \\$aBATCH-UPD$b00$c20160624$lBLL01$h2133
=SID  \\$aZ39$bOCLC

