=LDR  01989 am a2200553 a 4500
=001  015328891
=003  Uk
=005  20100519154507.0
=008  090429s2009\\\\enka\\\\\b\\\\000\0\eng\d
=015  \\$aGBB063881$2bnb
=016  7\$a015328891$2Uk
=035  \\$a(OCoLC)319637916
=040  \\$aGZM$cGZM$dUk
=042  \\$aukblsr
=082  04$a332.120684$222
=100  1\$aBennardo, Alberto.
=245  10$aMultiple-bank lending, creditor rights and information sharing /$cAlberto Bennardo, Marco Pagano and Salvatore Piccolo.
=260  \\$aLondon :$bCentre for Economic Policy Research,$c2009.
=300  \\$a47 p. :$bill. ;$c21 cm.
=336  \\$atext$2rdacontent
=337  \\$aunmediated$2rdamedia
=338  \\$avolume$2rdacarrier
=490  1\$aDiscussion paper series,$x0265-8003 ;$vno. 7186
=500  \\$aTitle from the cover.
=500  \\$a"Financial economics".
=504  \\$aIncludes bibliographical references.
=650  \0$aBank loans.
=650  \0$aCredit$xManagement.
=690  7\$aManagement and Business Studies$2blcoll
=700  1\$aPagano, Marco.
=700  1\$aPiccolo, Salvatore.
=710  2\$aCentre for Economic Policy Research (Great Britain)
=830  \0$aDiscussion paper (Centre for Economic Policy Research (Great Britain)) ;$vno. 7186.
=852  41$aBritish Library$bHMNTS$jYK.2010.a.14311
=856  41$uhttp://www.cepr.org/pubs/dps/DP7186.asp
=CAT  \\$a10876$b40$c20090716$lBLL01$h1258
=CAT  \\$a10876$b40$c20090716$lBLL01$h1259
=CAT  \\$a5751$b40$c20100519$lBLL01$h1435
=CAT  \\$a5751$b40$c20100519$lBLL01$h1436
=CAT  \\$a5751$b40$c20100519$lBLL01$h1545
=CAT  \\$aBATCH-UPD$b40$c20100530$lBLL01$h1632
=CAT  \\$aBATCH690$c20100715$lBLL01$h2114
=CAT  \\$aBATCH-UPD$b00$c20100715$lBLL01$h2345
=CAT  \\$aBATCH-MBS$c20100716$lBLL01$h2056
=CAT  \\$aWR16_021$c20160624$lBLL01$h1828
=FIN  \\$aY$d20100519
=FMT  \\$a  BK
=LAS  \\$aWR16_021$b00$c20160624$lBLL01$h1828
=SID  \\$aZ39$bOCLC

