=LDR  02141aam a2200553 a 4500
=001  015420009
=003  Uk
=005  20100625115041.0
=008  090930s2009\\\\enka\\\\\b\\\\000\0\eng\d
=015  \\$aGBA9B0354$2bnb
=016  7\$a015420009$2Uk
=035  \\$a(UkCU)4850107
=040  \\$aGZM$beng$cGZM$dUkCU$dUk
=042  \\$aukscp
=082  04$a331.12$222
=090  \\$aHC10$b.D545 no.7429
=100  1\$aKrusell, Per.
=245  10$aLabor-market matching with precautionary savings and aggregate fluctuations /$cPer Krusell, Toshihiko Mukoyama, Aysegul Sahin.
=260  \\$aLondon :$bCentre for Economic Policy Research,$c2009.
=300  \\$a48 p. :$bill. ;$c21 cm.
=336  \\$atext$2rdacontent
=337  \\$aunmediated$2rdamedia
=338  \\$avolume$2rdacarrier
=490  1\$aDiscussion paper / Centre for Economic Policy Research,$x0265-8003 ;$vno. 7429
=500  \\$a"August 2009."
=500  \\$a"International macroeconomics and Labour economics."
=504  \\$aIncludes bibliographical references (p. 43-48).
=530  \\$aAlso available from the CEPR World Wide Web site (www.cepr.org).
=650  \0$aLabor market$xEconometric models.
=650  \0$aMatching theory.
=690  7\$aManagement and Business Studies$2blcoll
=690  7\$aSocial Welfare$2blcoll
=700  1\$aMukoyama, Toshihiko.
=700  1\$aŞahin, Ayşegül,$d1972-
=710  2\$aCentre for Economic Policy Research (Great Britain)
=830  \0$aDiscussion paper (Centre for Economic Policy Research (Great Britain)) ;$vno. 7429.
=852  41$aBritish Library$bHMNTS$jYC.2010.a.9067
=856  41$uhttp://www.cepr.org/pubs/dps/DP7429.asp
=985  \\$aLDLSCP record - no ISBN match on import to BLL01
=CAT  \\$aBATCH-LDLN$b00$c20091116$lBLL01$h2045
=CAT  \\$a10883$b40$c20100623$lBLL01$h1207
=CAT  \\$a6916$b40$c20100625$lBLL01$h1150
=CAT  \\$aBATCH-MBS$c20100723$lBLL01$h2043
=CAT  \\$aBATCH$b00$c20110625$lBLL01$h0547
=CAT  \\$aBATCH-SWP4$c20110627$lBLL01$h1632
=CAT  \\$aWR16_021$c20160625$lBLL01$h1818
=FIN  \\$aY$d20100623
=FMT  \\$a  BK
=LAS  \\$aWR16_021$b00$c20160625$lBLL01$h1818

