=LDR  01802aam a2200493 a 4500
=001  015420010
=003  Uk
=005  20100625121236.0
=008  090930s2009\\\\enka\\\\\b\\\\000\0\eng\d
=015  \\$aGBA9B0355$2bnb
=016  7\$a015420010$2Uk
=035  \\$a(UkCU)4850087
=040  \\$aGZM$beng$cGZM$dUkCU$dUk
=042  \\$aukscp
=082  04$a338.6048$222
=090  \\$aHC10$b.D545 no.7424
=100  1\$aKonrad, Kai Andreas.
=245  14$aThe lifeboat problem /$cKai A. Konrad, Dan Kovenock.
=260  \\$aLondon :$bCentre for Economic Policy Research,$c2009.
=300  \\$a15 p. :$bill. ;$c21 cm.
=336  \\$atext$2rdacontent
=337  \\$aunmediated$2rdamedia
=338  \\$avolume$2rdacarrier
=490  1\$aDiscussion paper / Centre for Economic Policy Research,$x0265-8003 ;$vno. 7424
=500  \\$a"August 2009."
=500  \\$a"Public policy."
=504  \\$aIncludes bibliographical references (p. 14-15).
=530  \\$aAlso available from the CEPR World Wide Web site (www.cepr.org).
=650  \0$aCompetition.
=690  7\$aManagement and Business Studies$2blcoll
=700  1\$aKovenock, Daniel J.
=710  2\$aCentre for Economic Policy Research (Great Britain)
=830  \0$aDiscussion paper (Centre for Economic Policy Research (Great Britain)) ;$vno. 7424.
=852  41$aBritish Library$bHMNTS$jYC.2010.a.8789
=856  41$uhttp://www.cepr.org/pubs/dps/DP7424.asp
=985  \\$aLDLSCP record - no ISBN match on import to BLL01
=CAT  \\$aBATCH-LDLN$b00$c20091116$lBLL01$h2045
=CAT  \\$a10883$b40$c20100623$lBLL01$h1210
=CAT  \\$a6916$b40$c20100625$lBLL01$h1212
=CAT  \\$aBATCH-MBS$c20100723$lBLL01$h2043
=CAT  \\$aWR16_021$c20160625$lBLL01$h1818
=FIN  \\$aY$d20100623
=FMT  \\$a  BK
=LAS  \\$aWR16_021$b00$c20160625$lBLL01$h1818

