=LDR  02169aam a2200565 a 4500
=001  015420011
=003  Uk
=005  20100302154520.0
=008  090722s2009\\\\enka\\\\\b\\\\000\0\eng\d
=015  \\$aGBA9B0356$2bnb
=016  7\$a015420011$2Uk
=035  \\$a(UkCU)4849959
=040  \\$aGZM$cGZM$dUkCU$dUk
=042  \\$aukscp
=082  04$a382$222
=100  10$aGawande, Kishore S.,$d1959-
=245  10$aLobbying competition over trade policy /$cKishore Gawande, Pravin Krishna, Marcelo Olarreaga.
=260  \\$aLondon :$bCentre for Economic Policy Research,$c2009.
=300  \\$a19, [5] p. :$bill. ;$c21 cm.
=336  \\$atext$2rdacontent
=337  \\$aunmediated$2rdamedia
=338  \\$avolume$2rdacarrier
=490  1\$aDiscussion paper / Centre for Economic Policy Research,$x0265-8003 ;$vno. 7305
=500  \\$a"May 2009."
=500  \\$a"International trade and regional economics."
=504  \\$aIncludes bibliographical references (p. 18-19).
=530  \\$aAlso available from the CEPR World Wide Web site (www.cepr.org).
=650  \0$aProduce trade$xGovernment policy.
=650  \0$aCommercial policy.
=650  \0$aInternational trade.
=690  7\$aManagement and Business Studies$2blcoll
=700  1\$aKrishna, Pravin.
=700  1\$aOlarreaga, M.$q(Marcelo).
=710  2\$aCentre for Economic Policy Research (Great Britain)
=830  \0$aDiscussion paper (Centre for Economic Policy Research (Great Britain)) ;$vno. 7305.
=852  41$aBritish Library$bHMNTS$jYK.2010.a.7440
=856  41$uhttp://www.cepr.org/pubs/dps/DP7305.asp
=985  \\$aLDLSCP record - no ISBN match on import to BLL01
=CAT  \\$aBATCH-LDLN$b00$c20091116$lBLL01$h2045
=CAT  \\$a9657$b40$c20100203$lBLL01$h0935
=CAT  \\$a9657$b40$c20100203$lBLL01$h0936
=CAT  \\$a5751$b40$c20100302$lBLL01$h1545
=CAT  \\$aBATCH690$c20100715$lBLL01$h2116
=CAT  \\$aBATCH-MBS$c20100716$lBLL01$h2057
=CAT  \\$aBATCH-UPD$b00$c20160416$lBLL01$h1718
=CAT  \\$aWR16_021$c20160625$lBLL01$h1818
=CAT  \\$aBATCH-UPD$b00$c20171025$lBLL01$h1518
=FIN  \\$aY$d20100203
=FMT  \\$a  BK
=LAS  \\$aBATCH-UPD$b00$c20171025$lBLL01$h1518

