=LDR  02019aam a2200517 a 4500
=001  015420012
=003  Uk
=005  20100720145714.0
=008  090923s2009\\\\enka\\\\\b\\\\000\0\eng\d
=015  \\$aGBA9B0357$2bnb
=016  7\$a015420012$2Uk
=035  \\$a(UkCU)4850154
=040  \\$aNLGGC$beng$cNLGGC$dUkCU$dUk$efobidrtb
=042  \\$aukscp
=082  04$a338.542015195$222
=100  1\$aMiller, Marcus,$d1941-
=245  10$aLeverage and asset bubbles :$baverting armageddon with chapter 11? /$cMarcus Miller, Joseph E. Stiglitz.
=260  \\$aLondon :$bCentre for Economic Policy Research,$c2009.
=300  \\$a27 p. :$bill. ;$c21 cm.
=336  \\$atext$2rdacontent
=337  \\$aunmediated$2rdamedia
=338  \\$avolume$2rdacarrier
=490  1\$aDiscussion paper / Centre for Economic Policy Research,$vno. 7469$x0265-8003 ;
=500  \\$a"September 2009."
=500  \\$a"International macroeconomics."
=504  \\$aIncludes bibliographical references (p. 25-27).
=530  \\$aAlso available from the CEPR World Wide Web site (www.cepr.org).
=650  \0$aEquilibrium (Economics)$xEconometric models.
=650  \0$aFinancial crises.
=650  \0$aInternational liquidity.
=690  7\$aManagement and Business Studies$2blcoll
=700  1\$aStiglitz, Joseph E.
=710  2\$aCentre for Economic Policy Research (Great Britain)
=830  \0$aDiscussion paper (Centre for Economic Policy Research (Great Britain)) ;$vno. 7469.
=852  41$aBritish Library$bHMNTS$jYK.2010.a.21116
=856  41$uhttp://www.cepr.org/pubs/dps/DP7469.asp
=985  \\$aLDLSCP record - no ISBN match on import to BLL01
=CAT  \\$aBATCH-LDLN$b00$c20091116$lBLL01$h2045
=CAT  \\$a12666$b40$c20100716$lBLL01$h0843
=CAT  \\$a6916$b40$c20100720$lBLL01$h1457
=CAT  \\$aBATCH-MBS$c20100730$lBLL01$h2042
=CAT  \\$aWR16_021$c20160625$lBLL01$h1818
=CAT  \\$aBATCH-UPD$b00$c20160625$lBLL01$h2041
=FIN  \\$aY$d20100716
=FMT  \\$a  BK
=LAS  \\$aBATCH-UPD$b00$c20160625$lBLL01$h2041

