=LDR  02003aam a2200517 a 4500
=001  015420013
=003  Uk
=005  20100304110609.0
=008  090720s2009\\\\enka\\\\\b\\\\000\0\eng\d
=015  \\$aGBA9B0358$2bnb
=016  7\$a015420013$2Uk
=035  \\$a(UkCU)4849918
=040  \\$aGZM$beng$cGZM$dUkCU$dUk
=042  \\$aukscp
=082  04$a332.6322095694$222
=090  \\$aHC10$b.D545 no.7287
=100  10$aLauterbach, Beni,$d1954-
=245  10$aLong term changes in voting power and control structure following the unification of dual class shares /$cBeni Lauterbach, Yishay Yafeh.
=260  \\$aLondon :$bCentre for Economic Policy Research,$c2009.
=300  \\$a32 p. :$bill. ;$c22 cm.
=336  \\$atext$2rdacontent
=337  \\$aunmediated$2rdamedia
=338  \\$avolume$2rdacarrier
=490  1\$aDiscussion paper / Centre for Economic Policy Research,$x0265-8003 ;$vno. 7287
=500  \\$a"April 2009."
=500  \\$a"Financial economics."
=504  \\$aIncludes bibliographical references (p. 20-21).
=530  \\$aAlso available from the CEPR World Wide Web site (www.cepr.org).
=650  \0$aDual class stocks.
=690  7\$aManagement and Business Studies$2blcoll
=700  1\$aYafeh, Yishay.
=710  2\$aCentre for Economic Policy Research (Great Britain)
=830  \0$aDiscussion paper (Centre for Economic Policy Research (Great Britain)) ;$vno. 7287.
=852  41$aBritish Library$bHMNTS$jYK.2010.a.7492
=856  41$uhttp://www.cepr.org/pubs/dps/DP7287.asp
=985  \\$aLDLSCP record - no ISBN match on import to BLL01
=CAT  \\$aBATCH-LDLN$b00$c20091116$lBLL01$h2045
=CAT  \\$a9657$b40$c20100202$lBLL01$h1403
=CAT  \\$a9666$b40$c20100304$lBLL01$h1106
=CAT  \\$aBATCH690$c20100715$lBLL01$h2116
=CAT  \\$aBATCH-MBS$c20100716$lBLL01$h2057
=CAT  \\$aWR16_021$c20160625$lBLL01$h1818
=CAT  \\$aBATCH-UPD$b00$c20160625$lBLL01$h2041
=FIN  \\$aY$d20100202
=FMT  \\$a  BK
=LAS  \\$aBATCH-UPD$b00$c20160625$lBLL01$h2041

