=LDR  02151aam a2200541 a 4500
=001  015420015
=003  Uk
=005  20100419110910.0
=008  090715s2009\\\\enka\\\\\b\\\\000\0\eng\d
=015  \\$aGBA9B0360$2bnb
=016  7\$a015420015$2Uk
=035  \\$a(UkCU)4849906
=040  \\$aGZM$cGZM$dUkCU$dUk
=042  \\$aukscp
=043  \\$ae-sp---
=082  04$a336.0124609031$222
=090  \\$aHC10$b.D545 no.7276
=100  1\$aDrelichman, Mauricio.
=245  10$aLending to the borrower from hell :$bdebt and default in the age of Philip II, 1556-1598 /$cMauricio Drelichman, Hans-Joachim Voth.
=260  \\$aLondon :$bCentre for Economic Policy Research,$c2009.
=300  \\$a41 p. :$bill. ;$c21 cm.
=336  \\$atext$2rdacontent
=337  \\$aunmediated$2rdamedia
=338  \\$avolume$2rdacarrier
=490  1\$aDiscussion paper / Centre for Economic Policy Research,$x0265-8003 ;$vno. 7276
=500  \\$a"April 2009."
=500  \\$a"International macroeconomics and Economic history initiative."
=504  \\$aIncludes bibliographical references (p. 37-39).
=530  \\$aAlso available from the CEPR World Wide Web site (www.cepr.org).
=600  00$aPhilip$bII,$cKing of Spain,$d1527-1598.
=650  \0$aFinance, Public$zSpain$xHistory$y16th Century.
=650  \0$aDebts, Public$zSpain$xHistory$y16th Century.
=690  7\$aManagement and Business Studies$2blcoll
=700  1\$aVoth, Hans-Joachim.
=710  2\$aCentre for Economic Policy Research (Great Britain)
=830  \0$aDiscussion paper (Centre for Economic Policy Research (Great Britain)) ;$vno. 7276.
=852  41$aBritish Library$bHMNTS$jYC.2010.a.4684
=856  41$uhttp://www.cepr.org/pubs/dps/DP7276.asp
=985  \\$aLDLSCP record - no ISBN match on import to BLL01
=CAT  \\$aBATCH-LDLN$b00$c20091116$lBLL01$h2045
=CAT  \\$a9678$b40$c20100401$lBLL01$h1110
=CAT  \\$a9671$b40$c20100419$lBLL01$h1109
=CAT  \\$aBATCH690$c20100715$lBLL01$h2116
=CAT  \\$aBATCH-MBS$c20100716$lBLL01$h2057
=CAT  \\$aWR16_021$c20160625$lBLL01$h1818
=FIN  \\$aY$d20100401
=FMT  \\$a  BK
=LAS  \\$aWR16_021$b00$c20160625$lBLL01$h1818

