=LDR  01880aam a2200493 a 4500
=001  015420017
=003  Uk
=005  20100721113619.0
=008  090929s2009\\\\enka\\\\\b\\\\000\0\eng\d
=015  \\$aGBA9B0362$2bnb
=016  7\$a015420017$2Uk
=035  \\$a(UkCU)4850075
=040  \\$aGZM$beng$cGZM$dUkCU$dUk
=042  \\$aukscp
=082  04$a338.52015195$222
=100  1\$aVayanos, Dimitri.
=245  10$aLiquidity and asset prices :$ba unified framework /$cDimitri Vayanos, Jiang Wang.
=260  \\$aLondon :$bCentre for Economic Policy Research,$c2009.
=300  \\$a45 p. :$bill. ;$c21 cm.
=336  \\$atext$2rdacontent
=337  \\$aunmediated$2rdamedia
=338  \\$avolume$2rdacarrier
=490  1\$aDiscussion paper / Centre for Economic Policy Research,$x0265-8003 ;$vno. 7410
=500  \\$a"August 2009."
=500  \\$a"Financial economics."
=504  \\$aIncludes bibliographical references (p. 42-45).
=530  \\$aAlso available from the CEPR World Wide Web site (www.cepr.org).
=650  \0$aLiquidity (Economics)$xEconometric models.
=650  \0$aAssets (Accounting)$xPrices$xEconometric models.
=690  7\$aManagement and Business Studies$2blcoll
=700  1\$aWang, Jiang,$d1959-
=710  2\$aCentre for Economic Policy Research (Great Britain)
=830  \0$aDiscussion paper (Centre for Economic Policy Research (Great Britain)) ;$vno. 7410.
=852  41$aBritish Library$bHMNTS$jYK.2010.a.21106
=856  41$uhttp://www.cepr.org/pubs/dps/DP7410.asp
=CAT  \\$aBATCH-LDLN$b00$c20091116$lBLL01$h2045
=CAT  \\$a8202$b40$c20100622$lBLL01$h1116
=CAT  \\$a6916$b40$c20100721$lBLL01$h1135
=CAT  \\$a6916$b40$c20100721$lBLL01$h1136
=CAT  \\$aBATCH-MBS$c20100730$lBLL01$h2042
=CAT  \\$aWR16_021$c20160625$lBLL01$h1818
=FIN  \\$aY$d20100622
=FMT  \\$a  BK
=LAS  \\$aWR16_021$b00$c20160625$lBLL01$h1818

