=LDR  01919aam a2200481 a 4500
=001  015420020
=003  Uk
=005  20100720162437.0
=008  090923s2009\\\\enka\\\\\b\\\\000\0\eng\d
=015  \\$aGBA9B0365$2bnb
=016  7\$a015420020$2Uk
=035  \\$a(UkCU)4850124
=040  \\$aNLGGC$beng$cNLGGC$dUkCU$dUk$efobidrtb
=042  \\$aukscp
=082  04$a332.456015195$222
=100  1\$aKollmann, Robert Miguel W. K.,$d1963-
=245  10$aLimited asset market participation and the consumption-real exchange rate anomaly /$cRobert Kollmann.
=260  \\$aLondon :$bCentre for Economic Policy Research,$c2009.
=300  \\$a21 p. :$bill. ;$c21 cm.
=336  \\$atext$2rdacontent
=337  \\$aunmediated$2rdamedia
=338  \\$avolume$2rdacarrier
=490  1\$aDiscussion paper / Centre for Economic Policy Research,$x0265-8003 ;$vno. 7452
=500  \\$a"September 2009."
=500  \\$a"International macroeconomics."
=504  \\$aIncludes bibliographical references (p. 17-19).
=530  \\$aAlso available from the CEPR World Wide Web site (www.cepr.org).
=650  \0$aForeign exchange rates$xEconometric models.
=690  7\$aManagement and Business Studies$2blcoll
=710  2\$aCentre for Economic Policy Research (Great Britain)
=830  \0$aDiscussion paper (Centre for Economic Policy Research (Great Britain)) ;$vno. 7452.
=852  41$aBritish Library$bHMNTS$jYK.2010.a.21112
=856  41$uhttp://www.cepr.org/pubs/dps/DP7452.asp
=985  \\$aLDLSCP record - no ISBN match on import to BLL01
=CAT  \\$aBATCH-LDLN$b00$c20091116$lBLL01$h2045
=CAT  \\$a12666$b40$c20100716$lBLL01$h0841
=CAT  \\$a6916$b40$c20100720$lBLL01$h1624
=CAT  \\$aBATCH-MBS$c20100730$lBLL01$h2042
=CAT  \\$aWR16_021$c20160625$lBLL01$h1818
=CAT  \\$aBATCH-UPD$b00$c20160625$lBLL01$h2041
=FIN  \\$aY$d20100716
=FMT  \\$a  BK
=LAS  \\$aBATCH-UPD$b00$c20160625$lBLL01$h2041

