=LDR  01850aam a2200493 a 4500
=001  015425563
=003  Uk
=005  20100628082840.0
=008  090624s2009\\\\enka\\\\\b\\\\000\0\eng\d
=015  \\$aGBA9B2695$2bnb
=016  7\$a015425563$2Uk
=035  \\$a(UkCU)4849857
=040  \\$aGZM$beng$cGZM$dUkCU$dUk
=042  \\$aukscp
=082  04$a336.2422$222
=090  \\$aHC10$b.D545 no.7215
=100  1\$aKonrad, Kai Andreas.
=245  14$aThe last refuge of a scoundrel? :$bpatriotism and tax compliance /$cKai A. Konrad, Salmai Qari.
=260  \\$aLondon :$bCentre for Economic Policy Research,$c2009.
=300  \\$a30, A-5 p. :$bill. ;$c21 cm.
=336  \\$atext$2rdacontent
=337  \\$aunmediated$2rdamedia
=338  \\$avolume$2rdacarrier
=490  1\$aDiscussion paper / Centre for Economic Policy Research,$x0265-8003 ;$vno. 7215
=500  \\$a"March 2009."
=500  \\$a"Public policy."
=504  \\$aIncludes bibliographical references (p. 26-30).
=530  \\$aAlso available from the CEPR World Wide Web site (www.cepr.org).
=650  \0$aTaxpayer compliance.
=690  7\$aManagement and Business Studies$2blcoll
=700  1\$aQari, Salmai.
=710  2\$aCentre for Economic Policy Research (Great Britain)
=830  \0$aDiscussion paper (Centre for Economic Policy Research (Great Britain)) ;$vno. 7215.
=852  41$aBritish Library$bHMNTS$jYC.2010.a.8976
=856  41$uhttp://www.cepr.org/pubs/dps/DP7215.asp
=985  \\$aLDLSCP record - no ISBN match on import to BLL01
=CAT  \\$aBATCH-LDLN$b00$c20091123$lBLL01$h2040
=CAT  \\$a9657$b40$c20100614$lBLL01$h1048
=CAT  \\$a6916$b40$c20100628$lBLL01$h0828
=CAT  \\$aBATCH-MBS$c20100723$lBLL01$h2043
=CAT  \\$aWR16_021$c20160625$lBLL01$h1819
=FIN  \\$aY$d20100614
=FMT  \\$a  BK
=LAS  \\$aWR16_021$b00$c20160625$lBLL01$h1819

