=LDR  01846aam a2200493 a 4500
=001  015425564
=003  Uk
=005  20100625084856.0
=008  090624s2009\\\\enka\\\\\b\\\\000\0\eng\d
=015  \\$aGBA9B2696$2bnb
=016  7\$a015425564$2Uk
=035  \\$a(UkCU)4849798
=040  \\$aGZM$beng$cGZM$dUkCU$dUk
=042  \\$aukscp
=082  04$a332.645$222
=090  \\$aHC10$b.D545 no.7212
=100  1\$aHombert, Johan.
=245  10$aLimits of limits of arbitrage: theory and evidence /$cJohan Hombert, David Thesmar.
=260  \\$aLondon :$bCentre for Economic Policy Research,$c2009.
=300  \\$a43 p. :$bill. ;$c21 cm.
=336  \\$atext$2rdacontent
=337  \\$aunmediated$2rdamedia
=338  \\$avolume$2rdacarrier
=490  1\$aDiscussion paper / Centre for Economic Policy Research,$x0265-8003 ;$vno. 7212
=500  \\$a"March 2009."
=500  \\$a"Financial economics."
=504  \\$aIncludes bibliographical references (p. 33-35).
=530  \\$aAlso available from the CEPR World Wide Web site (www.cepr.org).
=650  \0$aArbitrage$xMathematical models.
=690  7\$aManagement and Business Studies$2blcoll
=700  1\$aThesmar, David.
=710  2\$aCentre for Economic Policy Research (Great Britain)
=830  \0$aDiscussion paper (Centre for Economic Policy Research (Great Britain)) ;$vno. 7212.
=852  41$aBritish Library$bHMNTS$jYC.2010.a.9073
=856  41$uhttp://www.cepr.org/pubs/dps/DP7200.asp
=985  \\$aLDLSCP record - no ISBN match on import to BLL01
=CAT  \\$aBATCH-LDLN$b00$c20091123$lBLL01$h2040
=CAT  \\$a5375$b40$c20100611$lBLL01$h1037
=CAT  \\$a6916$b40$c20100625$lBLL01$h0848
=CAT  \\$aBATCH-MBS$c20100723$lBLL01$h2043
=CAT  \\$aWR16_021$c20160625$lBLL01$h1819
=FIN  \\$aY$d20100611
=FMT  \\$a  BK
=LAS  \\$aWR16_021$b00$c20160625$lBLL01$h1819

