=LDR  01890aam a2200493 a 4500
=001  015425567
=003  Uk
=005  20100420113435.0
=008  090630s2009\\\\enka\\\\\b\\\\000\0\eng\d
=015  \\$aGBA9B2699$2bnb
=016  7\$a015425567$2Uk
=035  \\$a(UkCU)4849876
=040  \\$aGZM$cGZM$dUkCU$dUk
=042  \\$aukscp
=082  04$a346.0486$222
=100  10$aHarhoff, Dietmar.
=245  10$aLanguages, fees and the international scope of patenting /$cDietmar Harhoff, Karin Hoisl and Bruno van Pottelsberghe de la Potterie.
=260  \\$aLondon :$bCentre for Economic Policy Research,$c2009.
=300  \\$a33 p. :$bill. ;$c21 cm.
=336  \\$atext$2rdacontent
=337  \\$aunmediated$2rdamedia
=338  \\$avolume$2rdacarrier
=490  1\$aDiscussion paper / Centre for Economic Policy Research,$x0265-8003 ;$vno. 7241
=500  \\$a"March 2009."
=500  \\$a"Industrial organization."
=504  \\$aIncludes bibliographical references (p. 22-24).
=530  \\$aAlso available from the CEPR World Wide Web site (www.cepr.org).
=650  \0$aPatents.
=700  1\$aHoisl, Karin.
=700  1\$aPottelsberghe de la Potterie, Bruno van.
=710  2\$aCentre for Economic Policy Research (Great Britain)
=830  \0$aDiscussion paper (Centre for Economic Policy Research (Great Britain)) ;$vno. 7241.
=852  41$aBritish Library$bHMNTS$jYC.2010.a.4676
=856  41$uhttp://www.cepr.org/pubs/dps/DP7241.asp
=985  \\$aLDLSCP record - no ISBN match on import to BLL01
=CAT  \\$aBATCH-LDLN$b00$c20091123$lBLL01$h2040
=CAT  \\$a9678$b40$c20100401$lBLL01$h1114
=CAT  \\$a5751$b40$c20100420$lBLL01$h0844
=CAT  \\$a5751$b40$c20100420$lBLL01$h1134
=CAT  \\$aWR16_021$c20160625$lBLL01$h1819
=CAT  \\$aBATCH-UPD$b00$c20160625$lBLL01$h2054
=FIN  \\$aY$d20100401
=FMT  \\$a  BK
=LAS  \\$aBATCH-UPD$b00$c20160625$lBLL01$h2054

