=LDR  02144aam a2200565 a 4500
=001  015425569
=003  Uk
=005  20100519165117.0
=008  090427s2009\\\\enka\\\\\b\\\\000\0\eng\d
=015  \\$aGBA9B2701$2bnb
=016  7\$a015425569$2Uk
=035  \\$a(UkCU)4849729
=040  \\$aGZM$cGZM$dUkCU$dUk
=042  \\$aukscp
=082  04$a331.126$222
=090  \\$aHC10$b.D545 no.7173
=100  10$aMoscarini, Giuseppe.
=245  10$aLarge employers are more cyclically sensitive /$cGiuseppe Moscarini and Fabien Postel-Vinay.
=260  \\$aLondon :$bCentre for Economic Policy Research,$c2009.
=300  \\$a47 p. :$bill. ;$c21 cm.
=336  \\$atext$2rdacontent
=337  \\$aunmediated$2rdamedia
=338  \\$avolume$2rdacarrier
=490  1\$aDiscussion paper / Centre for Economic Policy Research,$x0265-8003 ;$vno. 7173
=500  \\$a"February 2009."
=500  \\$a"Labour economics."
=504  \\$aIncludes bibliographical references (p. 46-47).
=530  \\$aAlso available from the CEPR World Wide Web site (www.cepr.org).
=650  \0$aLabor turnover.
=690  7\$aManagement and Business Studies$2blcoll
=690  7\$aSocial Welfare$2blcoll
=700  1\$aPostel-Vinay, Fabien.
=710  2\$aCentre for Economic Policy Research (Great Britain)
=830  \0$aDiscussion paper (Centre for Economic Policy Research (Great Britain)) ;$vno. 7173.
=852  41$aBritish Library$bHMNTS$jYK.2010.a.14410
=856  41$uhttp://www.cepr.org/pubs/dps/DP7173.asp
=985  \\$aLDLSCP record - no ISBN match on import to BLL01
=CAT  \\$aBATCH-LDLN$b00$c20091123$lBLL01$h2040
=CAT  \\$a7034$b40$c20100519$lBLL01$h1651
=CAT  \\$aBATCH-UPD$b40$c20100530$lBLL01$h1702
=CAT  \\$aBATCH690$c20100715$lBLL01$h2116
=CAT  \\$aBATCH-UPD$b00$c20100716$lBLL01$h0000
=CAT  \\$aBATCH-MBS$c20100716$lBLL01$h2057
=CAT  \\$aBATCH$b00$c20110625$lBLL01$h0548
=CAT  \\$aBATCH-SWP4$c20110627$lBLL01$h1632
=CAT  \\$aWR16_021$c20160625$lBLL01$h1819
=CAT  \\$aBATCH-UPD$b00$c20160625$lBLL01$h2054
=FIN  \\$aY$d20100519
=FMT  \\$a  BK
=LAS  \\$aBATCH-UPD$b00$c20160625$lBLL01$h2054

