=LDR  01979aam a2200517 a 4500
=001  015425572
=003  Uk
=005  20100706173550.0
=008  090928s2009\\\\enka\\\\\b\\\\000\0\eng\d
=015  \\$aGBA9B2704$2bnb
=016  7\$a015425572$2Uk
=035  \\$a(UkCU)4850027
=040  \\$aGZM$beng$cGZM$dUkCU$dUk
=042  \\$aukscp
=043  \\$ae------
=082  04$a330.156094$222
=090  \\$aHC10$b.D545 no.7389
=100  1\$aCwik, Tobias.
=245  10$aKeynesian government spending multipliers and spillovers in the euro area /$cTobias Cwik, Volker Wieland.
=260  \\$aLondon :$bCentre for Economic Policy Research,$c2009.
=300  \\$a27 p. :$bill. ;$c21 cm.
=336  \\$atext$2rdacontent
=337  \\$aunmediated$2rdamedia
=338  \\$avolume$2rdacarrier
=490  1\$aDiscussion paper / Centre for Economic Policy Research,$vno. 7389$x0265-8003 ;
=500  \\$a"August 2009."
=500  \\$a"International macroeconomics."
=504  \\$aIncludes bibliographical references (p. 19-21).
=530  \\$aAlso available from the CEPR World Wide Web site (www.cepr.org).
=650  \0$aKeynesian economics$zEuropean Union countries.
=650  \0$aMonetary policy$zEuropean Union countries.
=690  7\$aManagement and Business Studies$2blcoll
=700  1\$aWieland, Volker.
=710  2\$aCentre for Economic Policy Research (Great Britain)
=830  \0$aDiscussion paper (Centre for Economic Policy Research (Great Britain)) ;$vno. 7389.
=852  41$aBritish Library$bHMNTS$jYC.2010.a.9151
=856  41$uhttp://www.cepr.org/pubs/dps/DP7389.asp
=985  \\$aLDLSCP record - no ISBN match on import to BLL01
=CAT  \\$aBATCH-LDLN$b00$c20091123$lBLL01$h2040
=CAT  \\$a12666$b40$c20100622$lBLL01$h1410
=CAT  \\$a6916$b40$c20100706$lBLL01$h1735
=CAT  \\$aBATCH-MBS$c20100723$lBLL01$h2043
=CAT  \\$aWR16_021$c20160625$lBLL01$h1819
=FIN  \\$aY$d20100622
=FMT  \\$a  BK
=LAS  \\$aWR16_021$b00$c20160625$lBLL01$h1819

