=LDR  01979aam a2200529 a 4500
=001  015425573
=003  Uk
=005  20100706170848.0
=008  090929s2009\\\\enka\\\\\b\\\\000\0\eng\d
=015  \\$aGBA9B2705$2bnb
=016  7\$a015425573$2Uk
=035  \\$a(UkCU)4850039
=040  \\$aGZM$beng$cGZM$dUkCU$dUk
=042  \\$aukscp
=082  04$a339$222
=090  \\$aHC10$b.D545 no.7401
=100  1\$aBullard, James.
=245  10$aLearning and the great moderation /$cJames B. Bullard, Aarti Singh.
=260  \\$aLondon :$bCentre for Economic Policy Research,$c2009.
=300  \\$a38 p. :$bill. ;$c21 cm.
=336  \\$atext$2rdacontent
=337  \\$aunmediated$2rdamedia
=338  \\$avolume$2rdacarrier
=490  1\$aDiscussion paper / Centre for Economic Policy Research,$vno. 7401$x0265-8003 ;
=500  \\$a"August 2009."
=500  \\$a"International macroeconomics."
=500  \\$a"CEPR/EABCN no. 43/2009."
=500  \\$aAt foot of title: Euro Area Business Cycle Network.
=504  \\$aIncludes bibliographical references (p. 32-34).
=530  \\$aAlso available from the CEPR World Wide Web site (www.cepr.org).
=650  \0$aMacroeconomics.
=690  7\$aManagement and Business Studies$2blcoll
=700  1\$aSingh, Aarti.
=710  2\$aCentre for Economic Policy Research (Great Britain)
=710  2\$aEuro Area Business Cycle Network.
=830  \0$aDiscussion paper (Centre for Economic Policy Research (Great Britain)) ;$vno. 7401.
=852  41$aBritish Library$bHMNTS$jYC.2010.a.9152
=856  41$uhttp://www.cepr.org/pubs/dps/DP7401.asp
=985  \\$aLDLSCP record - no ISBN match on import to BLL01
=CAT  \\$aBATCH-LDLN$b00$c20091123$lBLL01$h2040
=CAT  \\$a12666$b40$c20100622$lBLL01$h1416
=CAT  \\$a6916$b40$c20100706$lBLL01$h1708
=CAT  \\$aBATCH-MBS$c20100723$lBLL01$h2043
=CAT  \\$aWR16_021$c20160625$lBLL01$h1819
=FIN  \\$aY$d20100622
=FMT  \\$a  BK
=LAS  \\$aWR16_021$b00$c20160625$lBLL01$h1819

