=LDR  01891aam a2200505 a 4500
=001  015425576
=003  Uk
=005  20100304105844.0
=008  090721s2009\\\\enka\\\\\b\\\\000\0\eng\d
=015  \\$aGBA9B2708$2bnb
=016  7\$a015425576$2Uk
=035  \\$a(UkCU)4849949
=040  \\$aGZM$beng$cGZM$dUkCU$dUk
=042  \\$aukscp
=082  04$a332.632209493$222
=090  \\$aHC10$b.D545 no.7291
=100  1\$aAnderson, Ronald W.,$d1946-
=245  10$aLarge powerful shareholders and cash holding /$cRonald W. Anderson, Malika Hamadi.
=260  \\$aLondon :$bCentre for Economic Policy Research,$c2009.
=300  \\$a26 p. :$bill. ;$c22 cm.
=336  \\$atext$2rdacontent
=337  \\$aunmediated$2rdamedia
=338  \\$avolume$2rdacarrier
=490  1\$aDiscussion paper / Centre for Economic Policy Research,$x0265-8003 ;$vno. 7291
=500  \\$a"May 2009."
=500  \\$a"Financial economics."
=504  \\$aIncludes bibliographical references (p. 18-21).
=530  \\$aAlso available from the CEPR World Wide Web site (www.cepr.org).
=650  \0$aStockholders.
=690  7\$aManagement and Business Studies$2blcoll
=700  1\$aHamadi, Malika.
=710  2\$aCentre for Economic Policy Research (Great Britain)
=830  \0$aDiscussion paper (Centre for Economic Policy Research (Great Britain)) ;$vno. 7291.
=852  41$aBritish Library$bHMNTS$jYK.2010.a.7493
=856  41$uhttp://www.cepr.org/pubs/dps/DP7291.asp
=985  \\$aLDLSCP record - no ISBN match on import to BLL01
=CAT  \\$aBATCH-LDLN$b00$c20091123$lBLL01$h2040
=CAT  \\$a9657$b40$c20100202$lBLL01$h1355
=CAT  \\$a9666$b40$c20100304$lBLL01$h1058
=CAT  \\$aBATCH690$c20100715$lBLL01$h2116
=CAT  \\$aBATCH-MBS$c20100716$lBLL01$h2057
=CAT  \\$aWR16_021$c20160625$lBLL01$h1819
=FIN  \\$aY$d20100202
=FMT  \\$a  BK
=LAS  \\$aWR16_021$b00$c20160625$lBLL01$h1819

