=LDR  01722aam a2200469 a 4500
=001  015425578
=003  Uk
=005  20100514152706.0
=008  090427s2009\\\\enka\\\\\b\\\\000\0\eng\d
=015  \\$aGBA9B2710$2bnb
=016  7\$a015425578$2Uk
=035  \\$a(UkCU)4849724
=040  \\$aGZM$cGZM$dUkCU$dUk
=042  \\$aukscp
=082  04$a344.01$222
=100  1\$aAcharya, Viral V.
=245  10$aLabor laws and innovation /$cViral V. Acharya, Ramin Baghai-Wadji, Krishnamurthy Subramanian.
=260  \\$aLondon :$bCentre for Economic Policy Research,$c2009.
=300  \\$a45 p. :$bill. ;$c21 cm.
=336  \\$atext$2rdacontent
=337  \\$aunmediated$2rdamedia
=338  \\$avolume$2rdacarrier
=490  1\$aDiscussion paper,$x0265-8003 ;$vno. 7171
=500  \\$a"February 2009."
=500  \\$a"Financial economics."
=504  \\$aIncludes bibliographical references.
=530  \\$aAlso available from the CEPR World Wide Web site (www.cepr.org).
=650  \0$aLabor laws and legislation.
=700  1\$aBaghai-Wadji, Ramin.
=700  1\$aSubramanian, Krishnamurthy.
=710  2\$aCentre for Economic Policy Research (Great Britain)
=830  \0$aDiscussion paper (Centre for Economic Policy Research (Great Britain)),$x0265-8003 ;$vno. 7171.
=852  41$aBritish Library$bHMNTS$jYC.2010.a.5962
=856  41$uhttp://www.cepr.org/pubs/dps/DP7171.asp
=985  \\$aLDLSCP record - no ISBN match on import to BLL01
=CAT  \\$aBATCH-LDLN$b00$c20091123$lBLL01$h2040
=CAT  \\$a9657$b40$c20100506$lBLL01$h0948
=CAT  \\$a5447$b40$c20100514$lBLL01$h1527
=CAT  \\$aWR16_021$c20160625$lBLL01$h1819
=FIN  \\$aY$d20100506
=FMT  \\$a  BK
=LAS  \\$aWR16_021$b00$c20160625$lBLL01$h1819

