=LDR  01804 am a2200493 a 4500
=001  015457181
=003  Uk
=005  20101012090535.0
=008  100111s2009\\\\enk\\\\\\b\\\\000\0\eng\d
=015  \\$aGBB0C1192$2bnb
=016  7\$a015457181$2Uk
=035  \\$a(OCoLC)499487860
=040  \\$aNLE$cNLE$dGZM$dUk
=042  \\$aukblsr
=082  04$a332.46$222
=100  1\$aSchmitt-Grohe, Stephanie.
=245  10$aOn quality bias and inflation targets /$cStephanie Schmitt-Grohé and Martin Uribe.
=260  \\$aLondon :$bCentre for Economic Policy Research,$c2009.
=300  \\$a9 p. ;$c21 cm.
=336  \\$atext$2rdacontent
=337  \\$aunmediated$2rdamedia
=338  \\$avolume$2rdacarrier
=490  1\$aDiscussion paper series,$x0265-8003 ;$vno. 7550
=500  \\$a"International macroeconomics"--cover.
=504  \\$aIncludes bibliographical references.
=530  \\$aAlso available from the CEPR World Wide Web site (www.cepr.org).
=650  \0$aMonetary policy$xEconometric models.
=650  \0$aQuality of products$xEconomic aspects.
=650  \0$aInflation (Finance)
=690  7\$aManagement and Business Studies$2blcoll
=700  1\$aUribe, Martin.
=710  2\$aCentre for Economic Policy Research (Great Britain)
=830  \0$aDiscussion paper (Centre for Economic Policy Research (Great Britain)) ;$vno. 7550.
=852  41$aBritish Library$bHMNTS$jYK.2010.a.28418
=856  41$uhttp://www.cepr.org/pubs/dps/DP7550.asp
=CAT  \\$a6923$b40$c20100104$lBLL01$h1058
=CAT  \\$a5751$b40$c20101011$lBLL01$h1544
=CAT  \\$a5751$b40$c20101012$lBLL01$h0905
=CAT  \\$aBATCH-MBS$c20101022$lBLL01$h2047
=CAT  \\$aWR16_021$c20160625$lBLL01$h1825
=FIN  \\$aY$d20101012
=FMT  \\$a  BK
=LAS  \\$aWR16_021$b00$c20160625$lBLL01$h1825
=SID  \\$aZ39$bOCLC

