=LDR  02059 am a2200529 a 4500
=001  015457286
=003  Uk
=005  20101012090622.0
=008  091215s2009\\\\enka\\\\\b\\\\000\0\eng\d
=015  \\$aGBB0C1196$2bnb
=016  7\$a015457286$2Uk
=035  \\$a(OCoLC)499494272
=040  \\$aNLE$cNLE$dGZM$dUk
=042  \\$aukblsr
=082  04$a338.88$222
=100  1\$aMarkusen, James R.,$d1948-
=245  10$aEndogenous market structure and foreign market entry /$cJames R. Markusen, Frank Stähler.
=260  \\$aLondon :$bCentre for Economic Policy Research,$c2009.
=300  \\$a27 p. :$bill. ;$c21 cm.
=336  \\$atext$2rdacontent
=337  \\$aunmediated$2rdamedia
=338  \\$avolume$2rdacarrier
=490  1\$aDiscussion paper series,$x0265-8003 ;$vno. 7567
=500  \\$a"International trade and regional economics"--cover.
=504  \\$aIncludes bibliographical references.
=530  \\$aAlso available from the CEPR World Wide Web site (www.cepr.org).
=650  \0$aInternational business enterprises$xEconometric models.
=650  \0$aConsolidation and merger of corporations$xEconometric models.
=650  \0$aCapital investments$xEconometric models.
=650  \0$aExports$xEconometric models.
=650  \0$aBarriers to entry (Industrial organization)
=690  7\$aManagement and Business Studies$2blcoll
=700  1\$aStähler, Frank.
=710  2\$aCentre for Economic Policy Research (Great Britain)
=830  \0$aDiscussion paper (Centre for Economic Policy Research (Great Britain)) ;$vno. 7567.
=852  41$aBritish Library$bHMNTS$jYK.2010.a.28417
=856  41$uhttp://www.cepr.org/pubs/dps/DP7567.asp
=CAT  \\$a6923$b40$c20100104$lBLL01$h1157
=CAT  \\$a5751$b40$c20101011$lBLL01$h1602
=CAT  \\$a5751$b40$c20101012$lBLL01$h0906
=CAT  \\$aBATCH-MBS$c20101022$lBLL01$h2047
=CAT  \\$aBATCH-UPD$b00$c20130610$lBLL01$h2259
=CAT  \\$aWR16_021$c20160625$lBLL01$h1825
=FIN  \\$aY$d20101012
=FMT  \\$a  BK
=LAS  \\$aWR16_021$b00$c20160625$lBLL01$h1825
=SID  \\$aZ39$bOCLC

