=LDR  01857aam a2200481 a 4500
=001  015477597
=003  Uk
=005  20100907155250.0
=007  cr\mn|||||||||
=008  091228s2009\\\\enka\\\\\b\\\\000\0\eng\c
=015  \\$aGBB010943$2bnb
=016  7\$a015477597$2Uk
=020  \\$cNo price (pbk.)
=035  \\$a(WlAbNL)vtls004953350
=040  \\$aGZM$beng$cGZM$dWlAbNL$dUk
=042  \\$aukscp
=082  04$a382.73$222
=100  1\$aEvenett, Simon J.
=245  10$aWhat can be learned from crisis-era protectionism? :$ban initial assessment /$cSimon J. Evenett.
=260  \\$aLondon :$bCentre for Economic Policy Research,$c2009.
=300  \\$a22 p. :$bill. ;$c21 cm.
=336  \\$atext$2rdacontent
=337  \\$acomputer$2rdamedia
=338  \\$aonline resource$2rdacarrier
=490  1\$aDiscussion paper / Centre for Economic Policy Research,$x0265-8003 ;$vno. 7494.$aInternational trade and regional economics
=500  \\$a"October 2009".
=504  \\$aIncludes bibliographical references (p. 15).
=530  \\$aAlso available from the CEPR World Wide Web site (www.cepr.org).
=650  \0$aProtectionism.
=690  7\$aManagement and Business Studies$2blcoll
=710  2\$aCentre for Economic Policy Research (Great Britain)
=830  \0$aDiscussion paper (Centre for Economic Policy Research (Great Britain)) ;$vno. 7494.
=852  41$aBritish Library$bHMNTS$jYK.2010.a.25516
=856  41$uhttp://www.cepr.org/pubs/dps/DP7494.asp
=985  \\$aLDLSCP record - no ISBN match on import to BLL01
=CAT  \\$aBATCH-LDLN$b00$c20100201$lBLL01$h2041
=CAT  \\$a8202$b40$c20100820$lBLL01$h1429
=CAT  \\$a5751$b40$c20100907$lBLL01$h1552
=CAT  \\$aBATCH-MBS$c20100917$lBLL01$h2047
=CAT  \\$aWR16_021$c20160626$lBLL01$h1804
=FIN  \\$aY$d20100820
=FMT  \\$a  BK
=LAS  \\$aWR16_021$b00$c20160626$lBLL01$h1804

