=LDR  02174aam a2200529 a 4500
=001  015488166
=003  Uk
=005  20100907142040.0
=008  091228s2009\\\\enka\\\\\b\\\\000\0\eng\c
=015  \\$aGBB027008$2bnb
=016  7\$a015488166$2Uk
=020  \\$cNo price (pbk.)
=035  \\$a(WlAbNL)vtls004953355
=040  \\$aGZM$beng$cGZM$dWlAbNL$dWlAbNL$dUk
=042  \\$aukscp
=082  04$a338.947$222
=100  1\$aDenisova, I.$q(Irina Anatolʹevna)
=245  10$aWhat do Russians think about transition? /$cIrina Denisova, Markus Eller and Ekaterina Zhuravskaya.
=260  \\$aLondon :$bCentre for Economic Policy Research,$c2009.
=300  \\$a32 p. :$bill. ;$c21 cm.
=336  \\$atext$2rdacontent
=337  \\$aunmediated$2rdamedia
=338  \\$avolume$2rdacarrier
=490  1\$aDiscussion paper / Centre for Economic Policy Research,$x0265-8003 ;$vno. 7492.$aDevelopment economics and Public policy
=500  \\$a"October 2009".
=504  \\$aIncludes bibliographical references (p. 21-22).
=530  \\$aAlso available from the CEPR World Wide Web site (www.cepr.org).
=650  \0$aFree enterprise$zRussia (Federation)$xPublic opinion.
=650  \0$aRussians$xAttitudes.
=651  \0$aRussia (Federation)$xPolitics and government$y1991-$xPublic opinion.
=651  \0$aRussia (Federation)$xEconomic conditions$y21st century$xPublic opinion.
=690  7\$aManagement and Business Studies$2blcoll
=700  1\$aEller, Markus.
=700  1\$aZhuravskaya, Ekaterina V.
=710  2\$aCentre for Economic Policy Research (Great Britain)
=830  \0$aDiscussion paper (Centre for Economic Policy Research (Great Britain)) ;$vno. 7492.
=852  41$aBritish Library$bHMNTS$jYK.2010.a.25511
=856  41$uhttp://www.cepr.org/pubs/dps/DP7492.asp
=985  \\$aLDLSCP record - no ISBN match on import to BLL01
=CAT  \\$aBATCH-LDLN$b00$c20100215$lBLL01$h2040
=CAT  \\$a8202$b40$c20100820$lBLL01$h1410
=CAT  \\$a5751$b40$c20100907$lBLL01$h1420
=CAT  \\$aBATCH-MBS$c20100917$lBLL01$h2047
=CAT  \\$aWR16_021$c20160626$lBLL01$h1806
=FIN  \\$aY$d20100820
=FMT  \\$a  BK
=LAS  \\$aWR16_021$b00$c20160626$lBLL01$h1806

