=LDR  02090aam a2200541 a 4500
=001  015488167
=003  Uk
=005  20100908125528.0
=007  cr\mn|||||||||
=008  091228s2009\\\\enka\\\\\b\\\\000\0\eng\c
=015  \\$aGBB027009$2bnb
=016  7\$a015488167$2Uk
=020  \\$cNo price (pbk.)
=035  \\$a(WlAbNL)vtls004953351
=040  \\$aGZM$beng$cGZM$dWlAbNL$dUk
=042  \\$aukscp
=082  04$a352.749$222
=100  1\$aHenry, Emeric.
=245  10$aWaiting to imitate :$bon the dynamic pricing of knowledge /$cEmeric Henry and Carlos J. Ponce.
=260  \\$aLondon :$bCentre for Economic Policy Research,$c2009.
=300  \\$a40 p. :$bill. ;$c21 cm.
=336  \\$atext$2rdacontent
=337  \\$acomputer$2rdamedia
=338  \\$aonline resource$2rdacarrier
=490  1\$aDiscussion paper / Centre for Economic Policy Research,$x0265-8003 ;$vno. 7511.$aIndustrial organization
=500  \\$a"October 2009".
=504  \\$aIncludes bibliographical references (p. 38-40).
=530  \\$aAlso available from the CEPR World Wide Web site (www.cepr.org).
=650  \0$aInventions$xMathematical models.
=650  \0$aPatents$xMathematical models.
=650  \0$aIntellectual property$xMathematical models.
=690  7\$aManagement and Business Studies$2blcoll
=700  1\$aPonce, Carlos J.
=710  2\$aCentre for Economic Policy Research (Great Britain)
=830  \0$aDiscussion paper (Centre for Economic Policy Research (Great Britain)) ;$vno. 7511.
=852  41$aBritish Library$bHMNTS$jYK.2010.a.25518
=856  41$uhttp://www.cepr.org/pubs/dps/DP7511.asp
=985  \\$aLDLSCP record - no ISBN match on import to BLL01
=CAT  \\$aBATCH-LDLN$b00$c20100215$lBLL01$h2040
=CAT  \\$a8202$b40$c20100820$lBLL01$h1416
=CAT  \\$a5751$b40$c20100907$lBLL01$h1154
=CAT  \\$a5751$b40$c20100908$lBLL01$h1023
=CAT  \\$a8964$b40$c20100908$lBLL01$h1255
=CAT  \\$aBATCH-MBS$c20100917$lBLL01$h2047
=CAT  \\$aWR16_021$c20160626$lBLL01$h1806
=FIN  \\$aY$d20100820
=FMT  \\$a  BK
=LAS  \\$aWR16_021$b00$c20160626$lBLL01$h1806

