=LDR  01888 am a2200493 a 4500
=001  015581627
=003  Uk
=005  20110405112723.0
=008  100604s2010\\\\enka\\\\\b\\\|0|0\0|eng\d
=015  \\$aGBB143172$2bnb
=016  7\$a015581627$2Uk
=035  \\$a(OCoLC)648095350
=040  \\$aEQO$cEQO$dGZM$dUk
=042  \\$aukblsr
=082  04$a339.530973$222
=100  1\$aFernández-Villaverde, Jesús.
=245  10$aFortune or virtue :$btime-variant volatilities versus parameter drifting in U.S. data /$cJesús Fernández-Villaverde, Pablo A. Guerron-Quintana, Juan Francisco Rubio-Ramirez.
=260  \\$aLondon :$bCentre for Economic Policy Research,$c2010.
=300  \\$a72 p. :$bill. ;$c21 cm.
=336  \\$atext$2rdacontent
=337  \\$aunmediated$2rdamedia
=338  \\$avolume$2rdacarrier
=490  1\$aDiscussion paper,$x0265-8003 ;$vno. 7813
=500  \\$a"International macroeconomics."
=504  \\$aIncludes bibliographical references.
=530  \\$aAlso issued online.
=650  \0$aMonetary policy$zUnited States.
=650  \0$aBusiness cycles$zUnited States.
=690  7\$aManagement and Business Studies$2blcoll
=700  1\$aGuerron-Quintana, Pablo A.
=700  1\$aRubio-Ramírez, Juan Francisco.
=710  2\$aCentre for Economic Policy Research (Great Britain)
=830  \0$aDiscussion paper (Centre for Economic Policy Research (Great Britain)),$x0265-8003 ;$vno. 7813.
=852  41$aBritish Library$bHMNTS$jYC.2011.a.4818
=856  41$uhttp://www.cepr.org/pubs/dps/DP7813.asp
=CAT  \\$a12664$b40$c20100621$lBLL01$h0953
=CAT  \\$a5447$b40$c20110405$lBLL01$h1127
=CAT  \\$aBATCH-MBS$c20110408$lBLL01$h2053
=CAT  \\$aBATCH-UPD$b00$c20120121$lBLL01$h1714
=CAT  \\$aWR16_021$c20160628$lBLL01$h1805
=FIN  \\$aY$d20110405
=FMT  \\$a  BK
=LAS  \\$aWR16_021$b00$c20160628$lBLL01$h1805
=SID  \\$aZ39$bOCLC

