=LDR  01760 am a2200493 a 4500
=001  015581714
=003  Uk
=005  20110405110536.0
=008  100604s2010\\\\enka\\\\\b\\\|0|0\0|eng\d
=015  \\$aGBB143163$2bnb
=016  7\$a015581714$2Uk
=035  \\$a(OCoLC)645666126
=040  \\$aEQO$cEQO$dGZM$dUk
=042  \\$aukblsr
=082  04$a339.5$222
=100  1\$aTeulings, C. N.
=245  10$aIs economic recovery a myth? :$brobust estimation of impulse responses /$cCoen N. Teulings, Nick Zubanov.
=260  \\$aLondon :$bCentre for Economic Policy Research,$c2010.
=300  \\$a22 p. :$bill. ;$c21 cm.
=336  \\$atext$2rdacontent
=337  \\$aunmediated$2rdamedia
=338  \\$avolume$2rdacarrier
=490  1\$aDiscussion paper,$x0265-8003 ;$vno. 7800
=500  \\$a"Financial economics."
=504  \\$aIncludes bibliographical references.
=530  \\$aAlso issued online.
=650  \0$aGlobal Financial Crisis, 2008-2009.
=650  \0$aGross domestic product.
=650  \0$aEconomic stabilization.
=690  7\$aManagement and Business Studies$2blcoll
=700  1\$aZubanov, Nicholas.
=710  2\$aCentre for Economic Policy Research (Great Britain)
=830  \0$aDiscussion paper (Centre for Economic Policy Research (Great Britain)),$x0265-8003 ;$vno. 7800.
=852  41$aBritish Library$bHMNTS$jYC.2011.a.4819
=856  41$uhttp://www.cepr.org/pubs/dps/DP7800.asp
=CAT  \\$a12664$b40$c20100621$lBLL01$h1115
=CAT  \\$a12664$b40$c20100621$lBLL01$h1126
=CAT  \\$a5447$b40$c20110405$lBLL01$h1105
=CAT  \\$aBATCH-MBS$c20110408$lBLL01$h2053
=CAT  \\$aWR16_021$c20160628$lBLL01$h1805
=FIN  \\$aY$d20110405
=FMT  \\$a  BK
=LAS  \\$aWR16_021$b00$c20160628$lBLL01$h1805
=SID  \\$aZ39$bOCLC

