=LDR  01565 am a2200433 a 4500
=001  015581781
=003  Uk
=005  20110404132028.0
=008  100614s2010\\\\enka\\\\\b\\\|0|0\0|eng\d
=015  \\$aGBB142933$2bnb
=016  7\$a015581781$2Uk
=035  \\$a(OCoLC)649801392
=040  \\$aNLE$cNLE$dGZM$dUk
=042  \\$aukblsr
=082  04$a798.401$222
=100  1\$aSnowberg, Erik.
=245  10$aExplaining the favorite-longshot bias :$bis it risk-love or misperceptions? /$cErik Snowberg, Justin Wolfers.
=260  \\$aLondon :$bCentre for Economic Policy Research,$c2010.
=300  \\$a27 p. :$bill. ;$c21 cm.
=336  \\$atext$2rdacontent
=337  \\$aunmediated$2rdamedia
=338  \\$avolume$2rdacarrier
=490  1\$aDiscussion paper,$x0265-8003 ;$vno. 7801
=500  \\$a"Financial economics and industrial organization."
=504  \\$aIncludes bibliographical references.
=530  \\$aAlso issued online.
=650  \0$aHorse racing$xBetting$xEconometric models.
=700  1\$aWolfers, Justin.
=710  2\$aCentre for Economic Policy Research (Great Britain)
=830  \0$aDiscussion paper (Centre for Economic Policy Research (Great Britain)),$x0265-8003 ;$vno. 7801.
=852  41$aBritish Library$bHMNTS$jYC.2011.a.4751
=856  41$uhttp://www.cepr.org/pubs/dps/DP7801.asp
=CAT  \\$a12664$b40$c20100621$lBLL01$h1155
=CAT  \\$a5447$b40$c20110404$lBLL01$h1320
=CAT  \\$aWR16_021$c20160628$lBLL01$h1805
=FIN  \\$aY$d20110404
=FMT  \\$a  BK
=LAS  \\$aWR16_021$b00$c20160628$lBLL01$h1805
=SID  \\$aZ39$bOCLC

