=LDR  01671 am a2200469 a 4500
=001  015581832
=003  Uk
=005  20110405114337.0
=008  100604s2010\\\\enka\\\\\b\\\|0|0\0|eng\d
=016  7\$a015581832$2Uk
=035  \\$a(OCoLC)645666133
=040  \\$aEQO$cEQO$dGZM$dUk
=042  \\$aukblsr
=082  04$a304.82$222
=100  10$aHatton, T. J.
=245  14$aThe cliometrics of international migration :$ba survey /$cTimothy J. Hatton.
=260  \\$aLondon :$bCentre for Economic Policy Research,$c2010.
=300  \\$a33 p. :$bill. ;$c21 cm.
=336  \\$atext$2rdacontent
=337  \\$aunmediated$2rdamedia
=338  \\$avolume$2rdacarrier
=490  1\$aDiscussion paper,$x0265-8003 ;$vno. 7803
=500  \\$a"Labour economics."
=504  \\$aIncludes bibliographical references.
=530  \\$aAlso issued online.
=650  \0$aEmigration and immigration$xHistory$xEconometric models.
=650  \0$aHistoriometry.
=690  7\$aSocial Welfare$2blcoll
=710  2\$aCentre for Economic Policy Research (Great Britain)
=830  \0$aDiscussion paper (Centre for Economic Policy Research (Great Britain)),$x0265-8003 ;$vno. 7803.
=852  41$aBritish Library$bHMNTS$jYC.2011.a.4817
=856  41$uhttp://www.cepr.org/pubs/dps/DP7803.asp
=CAT  \\$a12664$b40$c20100621$lBLL01$h1316
=CAT  \\$a5447$b40$c20110405$lBLL01$h1143
=CAT  \\$aBATCH$b00$c20110625$lBLL01$h0551
=CAT  \\$aBATCH-SWP4$c20110627$lBLL01$h1635
=CAT  \\$aWR16_021$c20160628$lBLL01$h1805
=CAT  \\$aBATCH-UPD$b00$c20160628$lBLL01$h1831
=FIN  \\$aY$d20110405
=FMT  \\$a  BK
=LAS  \\$aBATCH-UPD$b00$c20160628$lBLL01$h1831
=SID  \\$aZ39$bOCLC

