=LDR  01710 am a2200481 a 4500
=001  015581838
=003  Uk
=005  20110404113032.0
=008  100604s2010\\\\enka\\\\\b\\\|0|0\0|eng\d
=015  \\$aGBB142911$2bnb
=016  7\$a015581838$2Uk
=035  \\$a(OCoLC)645752268
=040  \\$aEQO$cEQO$dGZM$dUk
=042  \\$aukblsr
=082  04$a337.1174927$222
=100  1\$aHoekman, Bernard M.,$d1959-
=245  10$aArab economic integration :$bmissing links /$cBernard Hoekman, Khalid Sekkat.
=260  \\$aLondon :$bCentre for Economic Policy Research,$c2010.
=300  \\$a39 p. :$bill. ;$c21 cm.
=336  \\$atext$2rdacontent
=337  \\$aunmediated$2rdamedia
=338  \\$avolume$2rdacarrier
=490  1\$aDiscussion paper,$x0265-8003 ;$vno. 7807
=500  \\$a"May 2010."
=500  \\$a"International trade and regional economics."
=504  \\$aIncludes bibliographical references.
=530  \\$aAlso issued online.
=610  20$aLeague of Arab States.
=651  \0$aArab countries$xEconomic integration.
=690  7\$aManagement and Business Studies$2blcoll
=700  1\$aSekkat, Khalid.
=710  2\$aCentre for Economic Policy Research (Great Britain)
=830  \0$aDiscussion paper (Centre for Economic Policy Research (Great Britain)),$x0265-8003 ;$vno. 7807.
=852  41$aBritish Library$bHMNTS$jYC.2011.a.4752
=856  41$uhttp://www.cepr.org/pubs/dps/DP7807.asp
=CAT  \\$a12664$b40$c20100621$lBLL01$h1320
=CAT  \\$a5447$b40$c20110404$lBLL01$h1130
=CAT  \\$aBATCH-MBS$c20110408$lBLL01$h2053
=CAT  \\$aWR16_021$c20160628$lBLL01$h1805
=FIN  \\$aY$d20110404
=FMT  \\$a  BK
=LAS  \\$aWR16_021$b00$c20160628$lBLL01$h1805
=SID  \\$aZ39$bOCLC

