=LDR  02005cam a2200517 a 4500
=001  015680156
=003  Uk
=005  20110901160450.0
=008  101104s2010\\\\enka\\\\\b\\\|0|0\0|eng\d
=015  \\$aGBB1A4076$2bnb
=016  7\$a015680156$2Uk
=035  \\$a(OCoLC)677995496
=040  \\$aGZM$cGZM$dUk
=042  \\$aukblsr
=082  04$a331.1180973$223
=100  1\$aGordon, Robert J.$q(Robert James),$d1940-
=245  10$aRevisiting U. S. productivity growth over the past century with a view of the future /$cRobert J. Gordon.
=260  \\$aLondon :$bCentre for Economic Policy Research,$c2010.
=300  \\$a30, [14] p. :$bill. ;$c21 cm.
=336  \\$atext$2rdacontent
=337  \\$aunmediated$2rdamedia
=338  \\$avolume$2rdacarrier
=490  1\$aDiscussion paper,$x0265-8003 ;$vno. 7991
=500  \\$a"Labour economics and public policy."
=504  \\$aIncludes bibliographical references.
=530  \\$aAlso issued online.
=650  \0$aIndustrial productivity$zUnited States$xHistory.
=650  \0$aLabor productivity$zUnited States$xHistory.
=650  \0$aIndustrial productivity$zUnited States$xForecasting.
=650  \0$aLabor productivity$zUnited States$xForecasting.
=690  7\$aManagement and Business Studies$2blcoll
=710  2\$aCentre for Economic Policy Research (Great Britain)
=830  \0$aDiscussion paper (Centre for Economic Policy Research (Great Britain)),$x0265-8003 ;$vno. 7991.
=852  41$aBritish Library$bHMNTS$jYC.2011.a.11661
=856  41$uhttp://www.cepr.org/pubs/dps/DP7991.asp
=CAT  \\$a8479$b40$c20101027$lBLL01$h1039
=CAT  \\$a8479$b40$c20101027$lBLL01$h1041
=CAT  \\$a5447$b40$c20110901$lBLL01$h1604
=CAT  \\$aBATCH-MBS$c20110909$lBLL01$h2102
=CAT  \\$aWR16_021$c20160630$lBLL01$h1806
=CAT  \\$aBATCH-UPD$b00$c20160630$lBLL01$h1843
=CAT  \\$aBATCH-UPD$b00$c20220216$lBLL01$h2039
=FIN  \\$aY$d20110901
=FMT  \\$a  BK
=LAS  \\$aBATCH-UPD$b00$c20220216$lBLL01$h2039
=SID  \\$aZ39$bOCLC

