=LDR  01867 am a2200517 a 4500
=001  015699402
=003  Uk
=005  20110928140903.0
=008  101119s2010\\\\enk\\\\\\b\\\\000\0\eng\d
=015  \\$aGBB1B2598$2bnb
=016  7\$a015699402$2Uk
=035  \\$a(OCoLC)693519396
=040  \\$aNLE$cNLE$dGZM$dUk
=042  \\$aukblsr
=082  04$a338.88$223
=100  1\$aBandick, Roger.
=245  10$aForeign acquisitions, domestic multinationals, and R&D /$cRoger Bandick, Holger Görg, Patrik Karpaty.
=260  \\$aLondon :$bCentre for Economic Policy Research,$c2010.
=300  \\$a29 p. ;$c21 cm.
=336  \\$atext$2rdacontent
=337  \\$aunmediated$2rdamedia
=338  \\$avolume$2rdacarrier
=490  1\$aDiscussion paper series,$x0265-8003 ;$vno. 8081
=500  \\$a"International trade and regional economics".
=504  \\$aIncludes bibliographical references.
=650  \0$aCorporations, Foreign.
=650  \0$aConsolidation and merger of corporations.
=650  \0$aInternational business enterprises.
=650  \0$aResearch, Industrial.
=690  7\$aManagement and Business Studies$2blcoll
=700  1\$aGörg, Holger.
=700  1\$aKarpaty, Patrik.
=710  2\$aCentre for Economic Policy Research (Great Britain)
=830  \0$aDiscussion paper (Centre for Economic Policy Research (Great Britain)) ;$vno. 8081.
=852  41$aBritish Library$bHMNTS$jYC.2011.a.12830
=856  41$uhttp://www.cepr.org/pubs/dps/DP8081.asp
=CAT  \\$a10876$b40$c20101122$lBLL01$h1428
=CAT  \\$a10876$b40$c20101122$lBLL01$h1433
=CAT  \\$a5751$b40$c20110927$lBLL01$h1641
=CAT  \\$a5751$b40$c20110928$lBLL01$h1409
=CAT  \\$aBATCH-MBS$c20111007$lBLL01$h2107
=CAT  \\$aWR16_021$c20160630$lBLL01$h1810
=FIN  \\$aY$d20110928
=FMT  \\$a  BK
=LAS  \\$aWR16_021$b00$c20160630$lBLL01$h1810
=SID  \\$aZ39$bOCLC

