=LDR  01706 am a2200481 a 4500
=001  015699410
=003  Uk
=005  20110928140946.0
=008  101105s2010\\\\enka\\\\\b\\\\000\0\eng\d
=015  \\$aGBB1B2601$2bnb
=016  7\$a015699410$2Uk
=035  \\$a(OCoLC)688847753
=040  \\$aEQO$cEQO$dGZM$dUk
=042  \\$aukblsr
=082  04$a332.63222$223
=100  1\$aFratzscher, Marcel.
=245  10$aAsset prices, news shocks and the current account /$cMarcel Fratzscherand Roland Straub.
=260  \\$aLondon :$bCentre for Economic Policy Research,$c2010.
=300  \\$a25, p. :$bill. ;$c21 cm.
=336  \\$atext$2rdacontent
=337  \\$aunmediated$2rdamedia
=338  \\$avolume$2rdacarrier
=490  1\$aDiscussion paper series,$x0265-8003 ;$vno. 8080
=500  \\$a"International macroeconomics".
=504  \\$aIncludes bibliographical references.
=650  \0$aStocks$xPrices.
=650  \0$aStock exchanges and current events.
=650  \0$aBalance of payments.
=690  7\$aManagement and Business Studies$2blcoll
=700  1\$aStraub, Roland.
=710  2\$aCentre for Economic Policy Research (Great Britain)
=830  \0$aDiscussion paper (Centre for Economic Policy Research (Great Britain)) ;$vno. 8080.
=852  41$aBritish Library$bHMNTS$jYC.2011.a.12829
=856  41$uhttp://www.cepr.org/pubs/dps/DP8080.asp
=CAT  \\$a10876$b40$c20101122$lBLL01$h1433
=CAT  \\$a5751$b40$c20110927$lBLL01$h1655
=CAT  \\$a5751$b40$c20110928$lBLL01$h1409
=CAT  \\$aBATCH-MBS$c20111007$lBLL01$h2107
=CAT  \\$aWR16_021$c20160630$lBLL01$h1810
=FIN  \\$aY$d20110928
=FMT  \\$a  BK
=LAS  \\$aWR16_021$b00$c20160630$lBLL01$h1810
=SID  \\$aZ39$bOCLC

