=LDR  01975 am a2200517 a 4500
=001  015699433
=003  Uk
=005  20110929082540.0
=008  101119s2010\\\\enka\\\\\b\\\\000\0\eng\d
=015  \\$aGBB1B4226$2bnb
=016  7\$a015699433$2Uk
=035  \\$a(OCoLC)693519394
=040  \\$aNLE$cNLE$dGZM$dUk
=042  \\$aukblsr
=082  04$a658.4058$223
=100  1\$aOttaviano, Gianmarco I. P.
=245  10$aImmigration, offshoring and American jobs /$cGianmarco I.P. Ottaviano, Giovanni Peri, Greg C. Wright.
=260  \\$aLondon :$bCentre for Economic Policy Research,$c2010.
=300  \\$a48 p. :$bill. ;$c21 cm.
=336  \\$atext$2rdacontent
=337  \\$aunmediated$2rdamedia
=338  \\$avolume$2rdacarrier
=490  1\$aDiscussion paper series,$x0265-8003 ;$vno. 8078
=500  \\$a"International trade and regional economics".
=504  \\$aIncludes bibliographical references.
=650  \0$aOffshore outsourcing$xEconomic aspects$zUnited States.
=650  \0$aUnemployment$zUnited States$xEconometric models.
=650  \0$aLabor market$zUnited States$xEconometric models.
=651  \0$aUnited States$xEmigration and immigration$xEconomic aspects.
=690  7\$aManagement and Business Studies$2blcoll
=700  1\$aPeri, Giovanni.
=700  1\$aWright, Greg C.
=710  2\$aCentre for Economic Policy Research (Great Britain)
=830  \0$aDiscussion paper (Centre for Economic Policy Research (Great Britain)) ;$vno. 8078.
=852  41$aBritish Library$bHMNTS$jYC.2011.a.12887
=856  41$uhttp://www.cepr.org/pubs/dps/DP8078.asp
=CAT  \\$a10876$b40$c20101122$lBLL01$h1445
=CAT  \\$a5751$b40$c20110928$lBLL01$h0909
=CAT  \\$a5751$b40$c20110928$lBLL01$h1411
=CAT  \\$a8964$b40$c20110929$lBLL01$h0825
=CAT  \\$aBATCH-MBS$c20111007$lBLL01$h2107
=CAT  \\$aWR16_021$c20160630$lBLL01$h1810
=FIN  \\$aY$d20110928
=FMT  \\$a  BK
=LAS  \\$aWR16_021$b00$c20160630$lBLL01$h1810
=SID  \\$aZ39$bOCLC

