=LDR  01811 am a2200493 a 4500
=001  015699623
=003  Uk
=005  20110928140821.0
=008  101207s2010\\\\enka\\\\\b\\\\000\0\eng\d
=015  \\$aGBB1B2594$2bnb
=016  7\$a015699623$2Uk
=035  \\$a(OCoLC)690234205
=040  \\$aGZM$cGZM$dUk
=042  \\$aukblsr
=082  04$a332.456$223
=100  1\$aDella Corte, Pasquale.
=245  14$aThe predictive information content of external imbalances for exchange rate returns :$bhow much is it worth? /$cPasquale Della Corte, Lucio Sarno, Giulia Sestieri.
=260  \\$aLondon :$bCentre for Economic Policy Research,$c2010.
=300  \\$a52 p. :$bill. ;$c21 cm.
=336  \\$atext$2rdacontent
=337  \\$aunmediated$2rdamedia
=338  \\$avolume$2rdacarrier
=490  1\$aDiscussion paper series,$x0265-8003 ;$vno. 8045
=500  \\$a"International macroeconomics".
=504  \\$aIncludes bibliographical references.
=650  \0$aForeign exchange.
=650  \0$aForeign exchange rates$xForecasting.
=650  \0$aBalance of payments.
=690  7\$aManagement and Business Studies$2blcoll
=700  1\$aSarno, Lucio.
=700  1\$aSestieri, Giulia.
=710  2\$aCentre for Economic Policy Research (Great Britain)
=830  \0$aDiscussion paper (Centre for Economic Policy Research (Great Britain)) ;$vno. 8045.
=852  41$aBritish Library$bHMNTS$jYC.2011.a.12831
=856  41$uhttp://www.cepr.org/pubs/dps/DP8045.asp
=CAT  \\$a10876$b40$c20101122$lBLL01$h1653
=CAT  \\$a5751$b40$c20110927$lBLL01$h1616
=CAT  \\$a5751$b40$c20110928$lBLL01$h1408
=CAT  \\$aBATCH-MBS$c20111007$lBLL01$h2107
=CAT  \\$aWR16_021$c20160630$lBLL01$h1810
=FIN  \\$aY$d20110928
=FMT  \\$a  BK
=LAS  \\$aWR16_021$b00$c20160630$lBLL01$h1810
=SID  \\$aZ39$bOCLC

