=LDR  01734 am a2200493 a 4500
=001  015702982
=003  Uk
=005  20110930104114.0
=008  101116s2010\\\\enka\\\\\b\\\\000\0\eng\d
=015  \\$aGBB1B4455$2bnb
=016  7\$a015702982$2Uk
=035  \\$a(OCoLC)685069283
=040  \\$aNLE$cNLE$dGZM$dUk
=042  \\$aukblsr
=082  04$a331.118$223
=100  1\$aVenables, Anthony.
=245  10$aProductivity in cities :$bself-selection and sorting /$cAnthony J. Venables.
=260  \\$aLondon :$bCentre for Economic Policy Research,$c2010.
=300  \\$a14 p. :$bill. ;$c21 cm.
=336  \\$atext$2rdacontent
=337  \\$aunmediated$2rdamedia
=338  \\$avolume$2rdacarrier
=490  1\$aDiscussion paper series,$x0265-8003 ;$vno. 8067
=500  \\$a"International trade and regional economics".
=504  \\$aIncludes bibliographical references.
=650  \0$aLabor productivity.
=650  \0$aLabor mobility.
=650  \0$aUrban economics.
=650  \0$aMatching theory.
=690  7\$aManagement and Business Studies$2blcoll
=710  2\$aCentre for Economic Policy Research (Great Britain)
=830  \0$aDiscussion paper (Centre for Economic Policy Research (Great Britain)) ;$vno. 8067.
=852  41$aBritish Library$bHMNTS$jYK.2011.a.31469
=856  41$uhttp://www.cepr.org/pubs/dps/DP8067.asp
=CAT  \\$a10876$b40$c20101125$lBLL01$h1104
=CAT  \\$a10876$b40$c20101125$lBLL01$h1105
=CAT  \\$a5751$b40$c20110929$lBLL01$h1621
=CAT  \\$a5751$b40$c20110930$lBLL01$h1041
=CAT  \\$aBATCH-MBS$c20111007$lBLL01$h2107
=CAT  \\$aWR16_021$c20160701$lBLL01$h1802
=FIN  \\$aY$d20110930
=FMT  \\$a  BK
=LAS  \\$aWR16_021$b00$c20160701$lBLL01$h1802
=SID  \\$aZ39$bOCLC

