=LDR  01766 am a2200493 a 4500
=001  015702987
=003  Uk
=005  20110930104156.0
=008  101116s2010\\\\enka\\\\\b\\\\000\0\eng\d
=015  \\$aGBB1B4457$2bnb
=016  7\$a015702987$2Uk
=035  \\$a(OCoLC)685069697
=040  \\$aNLE$cNLE$dGZM$dUk
=042  \\$aukblsr
=082  04$a307.76094$223
=100  1\$aBosker, Maarten,$d1980-
=245  10$aCity seeds :$bgeography and the origins of the European city system /$cMaarten Bosker, Eltjo Buringh.
=260  \\$aLondon :$bCentre for Economic Policy Research,$c2010.
=300  \\$a64 p. :$bill. ;$c21 cm.
=336  \\$atext$2rdacontent
=337  \\$aunmediated$2rdamedia
=338  \\$avolume$2rdacarrier
=490  1\$aDiscussion paper series,$x0265-8003 ;$vno. 8066
=500  \\$a"International trade and regional economics".
=504  \\$aIncludes bibliographical references.
=650  \0$aCities and towns$zEurope$xHistory.
=650  \0$aUrbanization$zEurope$xHistory.
=650  \0$aEconomic geography.
=650  \0$aCommercial geography.
=690  7\$aSocial Welfare$2blcoll
=700  1\$aBuringh, E.
=710  2\$aCentre for Economic Policy Research (Great Britain)
=830  \0$aDiscussion paper (Centre for Economic Policy Research (Great Britain)) ;$vno. 8066.
=852  41$aBritish Library$bHMNTS$jYK.2011.a.31468
=856  41$uhttp://www.cepr.org/pubs/dps/DP8066.asp
=CAT  \\$a10876$b40$c20101125$lBLL01$h1108
=CAT  \\$a5751$b40$c20110929$lBLL01$h1646
=CAT  \\$a5751$b40$c20110930$lBLL01$h1041
=CAT  \\$aBATCH-SWP$c20111007$lBLL01$h2348
=CAT  \\$aWR16_021$c20160701$lBLL01$h1802
=FIN  \\$aY$d20110930
=FMT  \\$a  BK
=LAS  \\$aWR16_021$b00$c20160701$lBLL01$h1802
=SID  \\$aZ39$bOCLC

