=LDR  01965aam a2200505 a 4500
=001  015702994
=003  Uk
=005  20110930104349.0
=008  101105s2010\\\\enka\\\\\b\\\\000\0\eng\d
=015  \\$aGBB1B4780$2bnb
=016  7\$a015702994$2Uk
=035  \\$a(OCoLC)688847665
=040  \\$aEQO$cEQO$dGZM$dUk
=042  \\$aukblsr
=082  04$a332.63232$223
=100  1\$aEijffinger, Sylvester C. W.
=245  14$aThe bond yield conundrum :$balternative hypotheses and the state of the economy /$cSylvester C. W. Eijffinger, Ronald Mahieu, Louis Raes.
=260  \\$aLondon :$bCentre for Economic Policy Research,$c2010.
=300  \\$a34 p. :$bill. ;$c21 cm.
=336  \\$atext$2rdacontent
=337  \\$aunmediated$2rdamedia
=338  \\$avolume$2rdacarrier
=490  1\$aDiscussion paper series,$x0265-8003 ;$vno. 8063
=500  \\$a"International macroeconomics".
=504  \\$aIncludes bibliographical references.
=530  \\$aAlso available from the CEPR World Wide Web site (www.cepr.org).
=650  \0$aGovernment securities$zUnited States$xEconometric models.
=650  \0$aInterest rates$zUnited States$xEconometric models.
=650  \0$aRate of return$zUnited States$xEconometric models.
=690  7\$aManagement and Business Studies$2blcoll
=700  1\$aMahieu, Ronald,$d1968-
=700  1\$aRaes, Louis.
=710  2\$aCentre for Economic Policy Research (Great Britain)
=830  \0$aDiscussion paper (Centre for Economic Policy Research (Great Britain)) ;$vno.8063.
=852  41$aBritish Library$bHMNTS$jYK.2011.a.31417
=856  41$uhttp://www.cepr.org/pubs/dps/DP8063.asp
=CAT  \\$a10876$b40$c20101125$lBLL01$h1112
=CAT  \\$a5751$b40$c20110930$lBLL01$h1033
=CAT  \\$a5751$b40$c20110930$lBLL01$h1043
=CAT  \\$aBATCH-MBS$c20111007$lBLL01$h2107
=CAT  \\$aWR16_021$c20160701$lBLL01$h1802
=FIN  \\$aY$d20110930
=FMT  \\$a  BK
=LAS  \\$aWR16_021$b00$c20160701$lBLL01$h1802
=SID  \\$aZ39$bOCLC

