=LDR  01771 am a2200493 a 4500
=001  015759305
=003  Uk
=005  20111206095021.0
=008  110210s2011\\\\enka\\\\\b\\\\000\0\eng\d
=015  \\$aGBB1D8446$2bnb
=016  7\$a015759305$2Uk
=035  \\$a(OCoLC)707210693
=040  \\$aEQO$cEQO$dGZM$dUk
=042  \\$aukblsr
=082  04$a343.087$223
=100  1\$aMion, Giordano.
=245  10$aImport competition from and outsourcing to China :$ba curse or blessing for firms? /$cGiordano Mion, Linke Zhu.
=260  \\$aLondon :$bCentre for Economic Policy Research,$c2011.
=300  \\$a46 p. :$bill. ;$c21 cm.
=336  \\$atext$2rdacontent
=337  \\$aunmediated$2rdamedia
=338  \\$avolume$2rdacarrier
=490  1\$aDiscussion paper series,$x0265-8003 ;$vno. 8188
=500  \\$a"International trade and regional economics".
=504  \\$aIncludes bibliographical references.
=650  \0$aExports$zChina.
=650  \0$aContracting out$zChina.
=700  1\$aZhu, Linke.
=710  2\$aCentre for Economic Policy Research (Great Britain)
=830  \0$aDiscussion paper (Centre for Economic Policy Research (Great Britain)) ;$vno. 8188.
=852  41$aBritish Library$bHMNTS$jYC.2011.a.17018
=856  41$uhttp://www.cepr.org/pubs/dps/DP8188.asp
=CAT  \\$a10958$b40$c20110223$lBLL01$h1018
=CAT  \\$a10958$b40$c20110223$lBLL01$h1019
=CAT  \\$a5751$b40$c20111202$lBLL01$h1539
=CAT  \\$a5751$b40$c20111202$lBLL01$h1540
=CAT  \\$a5751$b40$c20111205$lBLL01$h1107
=CAT  \\$a9666$b40$c20111206$lBLL01$h0932
=CAT  \\$a9666$b40$c20111206$lBLL01$h0950
=CAT  \\$aWR16_021$c20160701$lBLL01$h1814
=FIN  \\$aY$d20111205
=FMT  \\$a  BK
=LAS  \\$aWR16_021$b00$c20160701$lBLL01$h1814
=SID  \\$aZ39$bOCLC

