=LDR  01617 am a2200457 a 4500
=001  015759314
=003  Uk
=005  20111205110806.0
=008  110330s2011\\\\enka\\\\\b\\\\000\0\eng\d
=015  \\$aGBB1D8451$2bnb
=016  7\$a015759314$2Uk
=035  \\$a(OCoLC)709903597
=040  \\$aGZM$cGZM$dUk
=042  \\$aukblsr
=082  04$a364.3$223
=245  00$aCriminal networks :$bwho is the key player? /$cLung-Fei Lee ... [et al.].
=260  \\$aLondon :$bCentre for Economic Policy Research,$c2011.
=300  \\$a56 p. :$bill. ;$c21 cm.
=336  \\$atext$2rdacontent
=337  \\$aunmediated$2rdamedia
=338  \\$avolume$2rdacarrier
=490  1\$aDiscussion paper series,$x0265-8003 ;$vno. 8185
=500  \\$a"Labour economics and public policy".
=504  \\$aIncludes bibliographical references.
=650  \0$aCriminal behavior$xMathematical models.
=690  7\$aSocial Welfare$2blcoll
=700  1\$aLee, Lung-fei.
=710  2\$aCentre for Economic Policy Research (Great Britain)
=830  \0$aDiscussion paper (Centre for Economic Policy Research (Great Britain)) ;$vno. 8185.
=852  41$aBritish Library$bHMNTS$jYK.2011.a.39269
=856  41$uhttp://www.cepr.org/pubs/dps/DP8185.asp
=CAT  \\$a10958$b40$c20110223$lBLL01$h1029
=CAT  \\$a10958$b40$c20110223$lBLL01$h1031
=CAT  \\$a5751$b40$c20111202$lBLL01$h1610
=CAT  \\$a5751$b40$c20111205$lBLL01$h1108
=CAT  \\$aBATCH-SWP$c20111209$lBLL01$h2353
=CAT  \\$aWR16_021$c20160701$lBLL01$h1814
=FIN  \\$aY$d20111205
=FMT  \\$a  BK
=LAS  \\$aWR16_021$b00$c20160701$lBLL01$h1814
=SID  \\$aZ39$bOCLC

