=LDR  01761 am a2200493 a 4500
=001  015759334
=003  Uk
=005  20111206091102.0
=008  110210s2011\\\\enka\\\\\b\\\\000\0\eng\d
=015  \\$aGBB1D8649$2bnb
=016  7\$a015759334$2Uk
=035  \\$a(OCoLC)707711741
=040  \\$aEQO$cEQO$dGZM$dUk
=042  \\$aukblsr
=082  04$a338.23$223
=100  1\$aKilian, Lutz.
=245  10$aNonlinearities in the oil price-output relationship /$cLutz Kilian, Robert J. Vigfusson.
=260  \\$aLondon :$bCentre for Economic Policy Research,$c2011.
=300  \\$a50 p. :$bill. ;$c21 cm.
=336  \\$atext$2rdacontent
=337  \\$aunmediated$2rdamedia
=338  \\$avolume$2rdacarrier
=490  1\$aDiscussion paper series,$x0265-8003 ;$vno. 8174
=500  \\$a"International macroeconomics".
=504  \\$aIncludes bibliographical references.
=650  \0$aNonlinear pricing.
=650  \0$aPetroleum industry and trade$xCosts.
=650  \0$aPetroleum products$xPrices.
=690  7\$aManagement and Business Studies$2blcoll
=700  1\$aVigfusson, Robert J.
=710  2\$aCentre for Economic Policy Research (Great Britain)
=830  \0$aDiscussion paper (Centre for Economic Policy Research (Great Britain)) ;$vno. 8174.
=852  41$aBritish Library$bHMNTS$jYC.2011.a.17022
=856  41$uhttp://www.cepr.org/pubs/dps/DP8174.asp
=CAT  \\$a10958$b40$c20110223$lBLL01$h1046
=CAT  \\$a10958$b40$c20110223$lBLL01$h1047
=CAT  \\$a5751$b40$c20111205$lBLL01$h1633
=CAT  \\$a5751$b40$c20111206$lBLL01$h0911
=CAT  \\$aBATCH-MBS$c20111216$lBLL01$h2102
=CAT  \\$aWR16_021$c20160701$lBLL01$h1814
=FIN  \\$aY$d20111206
=FMT  \\$a  BK
=LAS  \\$aWR16_021$b00$c20160701$lBLL01$h1814
=SID  \\$aZ39$bOCLC

