=LDR  01917 am a2200529 a 4500
=001  015759339
=003  Uk
=005  20111202142326.0
=008  110210s2011\\\\enka\\\\\b\\\\000\0\eng\d
=015  \\$aGBB1D8397$2bnb
=016  7\$a015759339$2Uk
=035  \\$a(OCoLC)707711740
=040  \\$aEQO$cEQO$dGZM$dUk
=042  \\$aukblsr
=082  04$a338.542$223
=245  00$aFinancial crisis and macro-prudential policies /$cGianluca Benigno ... [et al.].
=260  \\$aLondon (77 Bastwick St., London EC1V 3PZ) :$bCentre for Economic Policy Research,$c2011.
=300  \\$a38, [13] p. :$bill. ;$c21 cm.
=336  \\$atext$2rdacontent
=337  \\$aunmediated$2rdamedia
=338  \\$avolume$2rdacarrier
=490  1\$aDiscussion paper series,$x0265-8003 ;$vno. 8175
=500  \\$a"January 2011."
=500  \\$a"International macroeconomics."
=504  \\$aIncludes bibliographical references.
=530  \\$aAlso issued online.
=650  \0$aFinancial crises$xPrevention.
=650  \0$aEconomic policy.
=650  \0$aDebts, Public.
=690  7\$aManagement and Business Studies$2blcoll
=700  1\$aBenigno, Gianluca.
=710  2\$aCentre for Economic Policy Research (Great Britain)
=830  \0$aDiscussion paper (Centre for Economic Policy Research (Great Britain)),$x0265-8003 ;$vno. 8175.
=852  41$aBritish Library$bHMNTS$jYK.2011.a.39122
=856  41$uhttp://www.cepr.org/pubs/dps/DP8175.asp
=CAT  \\$a10958$b40$c20110223$lBLL01$h1049
=CAT  \\$a10958$b40$c20110223$lBLL01$h1051
=CAT  \\$a9671$b40$c20111202$lBLL01$h1255
=CAT  \\$a9671$b40$c20111202$lBLL01$h1304
=CAT  \\$a9671$b40$c20111202$lBLL01$h1305
=CAT  \\$a9671$b40$c20111202$lBLL01$h1423
=CAT  \\$aBATCH-MBS$c20111209$lBLL01$h2103
=CAT  \\$aWR16_021$c20160701$lBLL01$h1814
=FIN  \\$aY$d20111202
=FMT  \\$a  BK
=LAS  \\$aWR16_021$b00$c20160701$lBLL01$h1814
=SID  \\$aZ39$bOCLC

