=LDR  01769 am a2200481 a 4500
=001  015759356
=003  Uk
=005  20111205110854.0
=008  110210s2011\\\\enka\\\\\b\\\\000\0\eng\d
=015  \\$aGBB1D8452$2bnb
=016  7\$a015759356$2Uk
=035  \\$a(OCoLC)707711739
=040  \\$aEQO$cEQO$dGZM$dUk
=042  \\$aukblsr
=082  04$a339.5$223
=100  1\$aLaséen, Stefan.
=245  10$aAnticipated alternative instrument-rate paths in policy simulations /$cStefan Laséen, Lars E. O. Svensson.
=260  \\$aLondon :$bCentre for Economic Policy Research,$c2011.
=300  \\$a29 p. :$bill. ;$c21 cm.
=336  \\$atext$2rdacontent
=337  \\$aunmediated$2rdamedia
=338  \\$avolume$2rdacarrier
=490  1\$aDiscussion paper series,$x0265-8003 ;$vno. 8176
=500  \\$a"International macroeconomics".
=504  \\$aIncludes bibliographical references.
=650  \0$aMonetary policy$xSimulation methods.
=650  \0$aBanks and banking, Central$xSimulation methods.
=690  7\$aManagement and Business Studies$2blcoll
=700  1\$aSvensson, Lars E. O.
=710  2\$aCentre for Economic Policy Research (Great Britain)
=830  \0$aDiscussion paper (Centre for Economic Policy Research (Great Britain)) ;$vno. 8176.
=852  41$aBritish Library$bHMNTS$jYK.2011.a.39268
=856  41$uhttp://www.cepr.org/pubs/dps/DP8176.asp
=CAT  \\$a10958$b40$c20110223$lBLL01$h1057
=CAT  \\$a10958$b40$c20110223$lBLL01$h1058
=CAT  \\$a5751$b40$c20111202$lBLL01$h1619
=CAT  \\$a5751$b40$c20111205$lBLL01$h1108
=CAT  \\$aBATCH-MBS$c20111209$lBLL01$h2103
=CAT  \\$aWR16_021$c20160701$lBLL01$h1814
=FIN  \\$aY$d20111205
=FMT  \\$a  BK
=LAS  \\$aWR16_021$b00$c20160701$lBLL01$h1814
=SID  \\$aZ39$bOCLC

