=LDR  01882 am a2200517 a 4500
=001  015759362
=003  Uk
=005  20111205110938.0
=008  110210s2011\\\\enka\\\\\b\\\\000\0\eng\d
=015  \\$aGBB1D8455$2bnb
=016  7\$a015759362$2Uk
=035  \\$a(OCoLC)708216117
=040  \\$aEQO$cEQO$dGZM$dUk
=042  \\$aukblsr
=082  04$a330.015195$223
=100  1\$aBenigno, Gianluca.
=245  10$aSecond order approximation of dynamic models with time-varying risk /$cGianluca Benigno, Pierpaolo Benigno, Salvatore Nisticò.
=260  \\$aLondon :$bCentre for Economic Policy Research,$c2011.
=300  \\$a23 p. :$bill. ;$c21 cm.
=336  \\$atext$2rdacontent
=337  \\$aunmediated$2rdamedia
=338  \\$avolume$2rdacarrier
=490  1\$aDiscussion paper series,$x0265-8003 ;$vno. 8177
=500  \\$a"International microeconomics".
=504  \\$aIncludes bibliographical references.
=650  \0$aEconometric models.
=650  \0$aStochastic processes.
=650  \0$aApproximation theory.
=690  7\$aManagement and Business Studies$2blcoll
=700  1\$aBenigno, Pierpaolo.
=700  1\$aNisticò, Salvatore,$d1974-
=710  2\$aCentre for Economic Policy Research (Great Britain)
=830  \0$aDiscussion paper (Centre for Economic Policy Research (Great Britain)) ;$vno. 8177.
=852  41$aBritish Library$bHMNTS$jYK.2011.a.39265
=856  41$uhttp://www.cepr.org/pubs/dps/DP8177.asp
=CAT  \\$a10958$b40$c20110223$lBLL01$h1101
=CAT  \\$a10958$b40$c20110223$lBLL01$h1102
=CAT  \\$a5751$b40$c20111202$lBLL01$h1634
=CAT  \\$a5751$b40$c20111205$lBLL01$h0839
=CAT  \\$a5751$b40$c20111205$lBLL01$h1109
=CAT  \\$aBATCH-MBS$c20111209$lBLL01$h2103
=CAT  \\$aWR16_021$c20160701$lBLL01$h1814
=FIN  \\$aY$d20111205
=FMT  \\$a  BK
=LAS  \\$aWR16_021$b00$c20160701$lBLL01$h1814
=SID  \\$aZ39$bOCLC

