=LDR  01943 am a2200517 a 4500
=001  015759367
=003  Uk
=005  20111205111016.0
=008  110210s2011\\\\enka\\\\\b\\\\000\0\eng\d
=015  \\$aGBB1D8527$2bnb
=016  7\$a015759367$2Uk
=035  \\$a(OCoLC)707458239
=040  \\$aEQO$cEQO$dGZM$dUk
=042  \\$aukblsr
=082  04$a330.9$223
=100  10$aForslid, Rikard.
=245  10$aOn the development strategy of countries of intermediate size :$ban analysis of heterogenous firms in a multiregion framework /$cRikard Forslid and Toshihiro Okubo.
=260  \\$aLondon :$bCentre for Economic Policy Research,$c2011.
=300  \\$a26 p. :$bill. ;$c21 cm.
=336  \\$atext$2rdacontent
=337  \\$aunmediated$2rdamedia
=338  \\$avolume$2rdacarrier
=490  1\$aDiscussion paper series,$x0265-8003 ;$vno. 8178
=500  \\$a"International trade and regional economics".
=504  \\$aIncludes bibliographical references.
=650  \0$aStates, Size of$xEconomic aspects.
=650  \0$aBusiness relocation$xCosts.
=650  \0$aEconomic geography.
=650  \0$aEconomic policy.
=690  7\$aManagement and Business Studies$2blcoll
=700  1\$aOkubo, Toshihiro,$d1975-
=710  2\$aCentre for Economic Policy Research (Great Britain)
=830  \0$aDiscussion paper (Centre for Economic Policy Research (Great Britain)) ;$vno. 8178.
=852  41$aBritish Library$bHMNTS$jYK.2011.a.39264
=856  41$uhttp://www.cepr.org/pubs/dps/DP8178.asp
=CAT  \\$a10958$b40$c20110223$lBLL01$h1105
=CAT  \\$a10958$b40$c20110223$lBLL01$h1106
=CAT  \\$a5751$b40$c20111205$lBLL01$h0854
=CAT  \\$a5751$b40$c20111205$lBLL01$h1110
=CAT  \\$aBATCH-MBS$c20111209$lBLL01$h2103
=CAT  \\$aWR16_021$c20160701$lBLL01$h1814
=CAT  \\$aBATCH-UPD$b00$c20160701$lBLL01$h1940
=FIN  \\$aY$d20111205
=FMT  \\$a  BK
=LAS  \\$aBATCH-UPD$b00$c20160701$lBLL01$h1940
=SID  \\$aZ39$bOCLC

