=LDR  01769 am a2200505 a 4500
=001  015759377
=003  Uk
=005  20111205111053.0
=008  110210s2011\\\\enka\\\\\b\\\\000\0\eng\d
=015  \\$aGBB1D8536$2bnb
=016  7\$a015759377$2Uk
=035  \\$a(OCoLC)707965823
=040  \\$aEQO$cEQO$dGZM$dUk
=042  \\$aukblsr
=082  04$a339.2$223
=100  10$aKumhof, Michael.
=245  10$aInequality, leverage and crises /$cMichael Kumhof, Romain Rancière.
=260  \\$aLondon :$bCentre for Economic Policy Research,$c2011.
=300  \\$a38 p. :$bill. ;$c21 cm.
=336  \\$atext$2rdacontent
=337  \\$aunmediated$2rdamedia
=338  \\$avolume$2rdacarrier
=490  1\$aDiscussion paper series,$x0265-8003 ;$vno. 8179
=500  \\$a"International microeconomics".
=504  \\$aIncludes bibliographical references.
=650  \0$aIncome distribution.
=650  \0$aFinancial leverage.
=650  \0$aFinancial crises.
=690  7\$aManagement and Business Studies$2blcoll
=700  1\$aRanciere, Romain.
=710  2\$aCentre for Economic Policy Research (Great Britain)
=830  \0$aDiscussion paper (Centre for Economic Policy Research (Great Britain)) ;$vno. 8179.
=852  41$aBritish Library$bHMNTS$jYK.2011.a.39263
=856  41$uhttp://www.cepr.org/pubs/dps/DP8179.asp
=CAT  \\$a10958$b40$c20110223$lBLL01$h1113
=CAT  \\$a10958$b40$c20110223$lBLL01$h1115
=CAT  \\$a5751$b40$c20111205$lBLL01$h0913
=CAT  \\$a5751$b40$c20111205$lBLL01$h1110
=CAT  \\$aBATCH-MBS$c20111209$lBLL01$h2103
=CAT  \\$aBATCH-UPD$b00$c20160217$lBLL01$h1827
=CAT  \\$aWR16_021$c20160701$lBLL01$h1814
=FIN  \\$aY$d20111205
=FMT  \\$a  BK
=LAS  \\$aWR16_021$b00$c20160701$lBLL01$h1814
=SID  \\$aZ39$bOCLC

