=LDR  01860 am a2200517 a 4500
=001  015759387
=003  Uk
=005  20111205110559.0
=008  110210s2011\\\\enka\\\\\b\\\\000\0\eng\d
=015  \\$aGBB1D8434$2bnb
=016  7\$a015759387$2Uk
=035  \\$a(OCoLC)707711738
=040  \\$aEQO$cEQO$dGZM$dUk
=042  \\$aukblsr
=082  04$a332.456$223
=100  1\$aCorsetti, Giancarlo.
=245  10$aFloats, pegs and the transmission of fiscal policy /$cGiancarlo Corsetti, Keith Kuester, Gernot Muller.
=260  \\$aLondon :$bCentre for Economic Policy Research,$c2011.
=300  \\$a32 p. :$bill. ;$c21 cm.
=336  \\$atext$2rdacontent
=337  \\$aunmediated$2rdamedia
=338  \\$avolume$2rdacarrier
=490  1\$aDiscussion paper series,$x0265-8003 ;$vno. 8180
=500  \\$a"International macroeconomics".
=504  \\$aIncludes bibliographical references.
=650  \0$aForeign exchange rates.
=650  \0$aTransmission mechanism (Monetary policy)
=650  \0$aFiscal policy.
=690  7\$aManagement and Business Studies$2blcoll
=700  1\$aKuester, Keith.
=700  1\$aMüller, Gernot,$d1975-
=710  2\$aCentre for Economic Policy Research (Great Britain)
=830  \0$aDiscussion paper (Centre for Economic Policy Research (Great Britain)) ;$vno. 8180.
=852  41$aBritish Library$bHMNTS$jYK.2011.a.39271
=856  41$uhttp://www.cepr.org/pubs/dps/DP8180.asp
=CAT  \\$a10958$b40$c20110223$lBLL01$h1117
=CAT  \\$a10958$b40$c20110223$lBLL01$h1118
=CAT  \\$a5751$b40$c20111202$lBLL01$h1435
=CAT  \\$a5751$b40$c20111205$lBLL01$h1105
=CAT  \\$aBATCH-MBS$c20111209$lBLL01$h2103
=CAT  \\$aWR16_021$c20160701$lBLL01$h1814
=CAT  \\$a8964$b40$c20161007$lBLL01$h1254
=FIN  \\$aY$d20111205
=FMT  \\$a  BK
=LAS  \\$a8964$b40$c20161007$lBLL01$h1254
=SID  \\$aZ39$bOCLC

