=LDR  02247 am a2200553 a 4500
=001  015778750
=003  Uk
=005  20120523084304.0
=008  110428s2011\\\\enka\\\\\b\\\\000\0\eng\d
=015  \\$aGBB250717$2bnb
=016  7\$a015778750$2Uk
=035  \\$a(OCoLC)716281018
=040  \\$aGZM$cGZM$dUk
=042  \\$aukblsr
=082  04$a332.10973$223
=100  1\$aRanciere, Romain.
=245  10$aFinancial black-holes :$bthe interaction of financial regulation and bailout guarantees /$cRomain Rancière, Aaron Tornell.
=260  \\$aLondon (77 Bastwick St., London EC1V 3PZ) :$bCentre for Economic Policy Research,$c[2011]
=300  \\$a[57] p. :$bill. ;$c21 cm.
=336  \\$atext$2rdacontent
=337  \\$aunmediated$2rdamedia
=338  \\$avolume$2rdacarrier
=490  1\$aDiscussion paper,$x0265-8003 ;$vno. 8248
=500  \\$a"Financial economics and international macroeconomics." --Cover.
=500  \\$a"Paper prepared for the 11th Jacques Polak Annual Research Conference at the IMF." --T.p. verso.
=500  \\$a"February 2011."
=504  \\$aIncludes bibliographical references.
=530  \\$aAlso available from the CEPR World Wide Web site (www.cepr.org).
=650  \0$aFinancial crises$zUnited States.
=650  \0$aFinancial institutions$zUnited States.
=650  \0$aBanks and banking$xState supervision$zUnited States.
=650  \0$aBailouts (Government policy)$zUnited States.
=690  7\$aManagement and Business Studies$2blcoll
=700  1\$aTornell, Aaron.
=710  2\$aCentre for Economic Policy Research (Great Britain)
=830  \0$aDiscussion paper (Centre for Economic Policy Research (Great Britain)),$x0265-8003 ;$vno. 8248.
=852  41$aBritish Library$bHMNTS$jYK.2012.a.14976
=856  41$uhttp://www.cepr.org/pubs/dps/DP8248.asp
=CAT  \\$a12271$b40$c20110325$lBLL01$h0948
=CAT  \\$a12271$b40$c20110325$lBLL01$h0951
=CAT  \\$a9671$b40$c20120523$lBLL01$h0755
=CAT  \\$a9671$b40$c20120523$lBLL01$h0756
=CAT  \\$a9671$b40$c20120523$lBLL01$h0843
=CAT  \\$aBATCH-MBS$c20120601$lBLL01$h2104
=CAT  \\$aWR16_021$c20160701$lBLL01$h1818
=FIN  \\$aY$d20120523
=FMT  \\$a  BK
=LAS  \\$aWR16_021$b00$c20160701$lBLL01$h1818
=SID  \\$aZ39$bOCLC

