=LDR  01793 am a2200493 a 4500
=001  015807359
=003  Uk
=005  20111228154217.0
=008  110513s2011\\\\enka\\\\\b\\\\000\0\eng\d
=015  \\$aGBB1E6772$2bnb
=016  7\$a015807359$2Uk
=035  \\$a(OCoLC)726087752
=040  \\$aNLE$cNLE$dGZM$dUk
=042  \\$aukblsr
=082  04$a346.83043$223
=100  1\$aBaland, Jean-Marie.
=245  14$aThe political value of land :$bdemocratization and land prices in Chile /$cJean-Marie Baland, James A. Robinson.
=260  \\$aLondon :$bCentre for Economic Policy Research,$c2011.
=300  \\$a27 p. :$bill. ;$c21 cm.
=336  \\$atext$2rdacontent
=337  \\$aunmediated$2rdamedia
=338  \\$avolume$2rdacarrier
=490  1\$aDiscussion paper series,$x0265-8003 ;$vno. 8296
=500  \\$a"Development economics".
=504  \\$aIncludes bibliographical references.
=650  \0$aDemocratization$zChile.
=650  \0$aSecret ballot$zChile.
=650  \0$aReal property$xPrices$zChile.
=650  \0$aLand tenure$xPolitical aspects$zChile.
=700  1\$aRobinson, James A.,$d1960-
=710  2\$aCentre for Economic Policy Research (Great Britain)
=830  \0$aDiscussion paper (Centre for Economic Policy Research (Great Britain)) ;$vno. 8296.
=852  41$aBritish Library$bHMNTS$jYK.2011.a.41945
=856  41$uhttp://www.cepr.org/pubs/dps/DP8296.asp
=CAT  \\$a12664$b40$c20110516$lBLL01$h1050
=CAT  \\$a5751$b40$c20111228$lBLL01$h1059
=CAT  \\$a5751$b40$c20111228$lBLL01$h1542
=CAT  \\$aWR16_021$c20160701$lBLL01$h1824
=CAT  \\$aBATCH-UPD$b00$c20160701$lBLL01$h2102
=CAT  \\$aBATCH-UPD$b00$c20190612$lBLL01$h2021
=FIN  \\$aY$d20111228
=FMT  \\$a  BK
=LAS  \\$aBATCH-UPD$b00$c20190612$lBLL01$h2021
=SID  \\$aZ39$bOCLC

