=LDR  01835 am a2200505 a 4500
=001  015807379
=003  Uk
=005  20111228153819.0
=008  110428s2011\\\\enk\\\\\\b\\\\000\0\eng\d
=015  \\$aGBB1E5718$2bnb
=016  7\$a015807379$2Uk
=035  \\$a(OCoLC)725772777
=040  \\$aEQO$cEQO$dGZM$dUk
=042  \\$aukblsr
=082  04$a331.137943$223
=100  1\$aLechner, Michael,$d1962-
=245  10$aSensitivity of matching-based program evaluations to the availability of control variables /$cMichael Lechner, Conny Wunsch.
=260  \\$aLondon :$bCentre for Economic Policy Research,$c2011.
=300  \\$a72 p. ;$c21 cm.
=336  \\$atext$2rdacontent
=337  \\$aunmediated$2rdamedia
=338  \\$avolume$2rdacarrier
=490  1\$aDiscussion paper series,$x0265-8003 ;$vno. 8294
=500  \\$a"Labour economics".
=504  \\$aIncludes bibliographical references.
=650  \0$aUnemployment$xGovernment policy$zGermany.
=650  \0$aJob hunting$zGermany.
=650  \0$aEmployment re-entry$zGermany.
=690  7\$aManagement and Business Studies$2blcoll
=690  7\$aSocial Welfare$2blcoll
=700  1\$aWunsch, Conny.
=710  2\$aCentre for Economic Policy Research (Great Britain)
=830  \0$aDiscussion paper (Centre for Economic Policy Research (Great Britain)) ;$vno. 8294.
=852  41$aBritish Library$bHMNTS$jYK.2011.a.41952
=856  41$uhttp://www.cepr.org/pubs/dps/DP8294.asp
=CAT  \\$a12664$b40$c20110516$lBLL01$h1104
=CAT  \\$a5751$b40$c20111222$lBLL01$h1624
=CAT  \\$a5751$b40$c20111228$lBLL01$h1538
=CAT  \\$aBATCH-MBS$c20120106$lBLL01$h2103
=CAT  \\$aBATCH-SWP$c20120107$lBLL01$h0001
=CAT  \\$aWR16_021$c20160701$lBLL01$h1824
=FIN  \\$aY$d20111228
=FMT  \\$a  BK
=LAS  \\$aWR16_021$b00$c20160701$lBLL01$h1824
=SID  \\$aZ39$bOCLC

