=LDR  01732 am a2200505 a 4500
=001  015807384
=003  Uk
=005  20111228153920.0
=008  110518s2011\\\\enka\\\\\b\\\\000\0\eng\d
=015  \\$aGBB1E6753$2bnb
=016  7\$a015807384$2Uk
=035  \\$a(OCoLC)728537347
=040  \\$aNLE$cNLE$dGZM$dUk
=042  \\$aukblsr
=082  04$a338.542$223
=100  1\$aAbiad, Abdul.
=245  10$aCreditless recoveries /$cAbdul Abiad, Giovanni Dell'Ariccia, Bin Li.
=260  \\$aLondon :$bCentre for Economic Policy Research,$c2011.
=300  \\$a28 p. :$bill. ;$c21 cm.
=336  \\$atext$2rdacontent
=337  \\$aunmediated$2rdamedia
=338  \\$avolume$2rdacarrier
=490  1\$aDiscussion paper series,$x0265-8003 ;$vno. 8301
=500  \\$a"Financial economics and international macroeconomics".
=504  \\$aIncludes bibliographical references.
=650  \0$aFinancial crises.
=650  \0$aRecessions.
=650  \0$aBusiness cycles.
=650  \0$aCredit.
=690  7\$aManagement and Business Studies$2blcoll
=700  1\$aDell'Ariccia, Giovanni.
=700  1\$aLi, Bin.
=710  2\$aCentre for Economic Policy Research (Great Britain)
=830  \0$aDiscussion paper (Centre for Economic Policy Research (Great Britain)) ;$vno. 8301.
=852  41$aBritish Library$bHMNTS$jYK.2011.a.41948
=856  41$uhttp://www.cepr.org/pubs/dps/DP8301.asp
=CAT  \\$a12664$b40$c20110516$lBLL01$h1106
=CAT  \\$a5751$b40$c20111228$lBLL01$h0917
=CAT  \\$a5751$b40$c20111228$lBLL01$h1539
=CAT  \\$aBATCH-MBS$c20120106$lBLL01$h2103
=CAT  \\$aWR16_021$c20160701$lBLL01$h1824
=FIN  \\$aY$d20111228
=FMT  \\$a  BK
=LAS  \\$aWR16_021$b00$c20160701$lBLL01$h1824
=SID  \\$aZ39$bOCLC

