=LDR  01906 am a2200517 a 4500
=001  015807385
=003  Uk
=005  20111228154010.0
=008  110516s2011\\\\enka\\\\\b\\\\000\0\eng\d
=015  \\$aGBB1E6759$2bnb
=016  7\$a015807385$2Uk
=035  \\$a(OCoLC)727319084
=040  \\$aNLE$cNLE$dGZM$dUk
=042  \\$aukblsr
=082  04$a346.082$223
=100  10$aRepullo, Rafael.
=245  14$aThe countercyclical capital buffer of Basel III :$ba critical assessment /$cRafael Repullo, Jesús Saurina.
=260  \\$aLondon :$bCentre for Economic Policy Research,$c2011.
=300  \\$a29 p. :$bill. ;$c21 cm.
=336  \\$atext$2rdacontent
=337  \\$aunmediated$2rdamedia
=338  \\$avolume$2rdacarrier
=490  1\$aDiscussion paper series,$x0265-8003 ;$vno. 8304
=500  \\$a"Financial economics and international macroeconomics".
=504  \\$aIncludes bibliographical references.
=630  00$aBasel III$d(2010)
=650  \0$aBank capital$xLaw and legislation.
=650  \0$aBank liquidity$xLaw and legislation.
=650  \0$aFinancial crises$xPrevention.
=650  \0$aFinancial risk management.
=700  1\$aSaurina, Jesús.
=710  2\$aCentre for Economic Policy Research (Great Britain)
=830  \0$aDiscussion paper (Centre for Economic Policy Research (Great Britain)) ;$vno. 8304.
=852  41$aBritish Library$bHMNTS$jYK.2011.a.41947
=856  41$uhttp://www.cepr.org/pubs/dps/DP8304.asp
=CAT  \\$a12664$b40$c20110516$lBLL01$h1108
=CAT  \\$a5751$b40$c20111228$lBLL01$h0930
=CAT  \\$aBATCH-UPD$b40$c20111228$lBLL01$h0930
=CAT  \\$a5751$b40$c20111228$lBLL01$h1540
=CAT  \\$aBATCH-UPD$b40$c20120819$lBLL01$h2318
=CAT  \\$aBATCH-UPD$b40$c20150305$lBLL01$h2120
=CAT  \\$aWR16_021$c20160701$lBLL01$h1824
=FIN  \\$aY$d20111228
=FMT  \\$a  BK
=LAS  \\$aWR16_021$b00$c20160701$lBLL01$h1824
=SID  \\$aZ39$bOCLC

