=LDR  01746 am a2200493 a 4500
=001  015807389
=003  Uk
=005  20120104115607.0
=008  110519s2011\\\\enka\\\\\b\\\\000\0\eng\d
=015  \\$aGBB1E6760$2bnb
=016  7\$a015807389$2Uk
=035  \\$a(OCoLC)727319057
=040  \\$aNLE$cNLE$dGZM$dUk
=042  \\$aukblsr
=082  04$a346.022$223
=100  10$aGhatak, Maitreesh.
=245  10$aContractual structure and endogenous matching in partnerships /$cMaitreesh Ghatak, Alexander Karaivanov.
=260  \\$aLondon :$bCentre for Economic Policy Research,$c2011.
=300  \\$a24 p. :$bill. ;$c21 cm.
=336  \\$atext$2rdacontent
=337  \\$aunmediated$2rdamedia
=338  \\$avolume$2rdacarrier
=490  1\$aDiscussion paper series,$x0265-8003 ;$vno. 8298
=500  \\$a"Industrial organization and public policy".
=504  \\$aIncludes bibliographical references.
=650  \0$aContracts.
=650  \0$aAgency (Law)
=650  \0$aMoral hazard.
=700  1\$aKaraivanov, Alexander.
=710  2\$aCentre for Economic Policy Research (Great Britain)
=830  \0$aDiscussion paper (Centre for Economic Policy Research (Great Britain)) ;$vno. 8298.
=852  41$aBritish Library$bHMNTS$jYK.2012.a.320
=856  41$uhttp://www.cepr.org/pubs/dps/DP8298.asp
=CAT  \\$a12664$b40$c20110516$lBLL01$h1112
=CAT  \\$a5751$b40$c20111228$lBLL01$h0940
=CAT  \\$a5751$b40$c20111228$lBLL01$h1541
=CAT  \\$a9666$b40$c20120104$lBLL01$h0938
=CAT  \\$a9666$b40$c20120104$lBLL01$h1156
=CAT  \\$aWR16_021$c20160701$lBLL01$h1824
=CAT  \\$aBATCH-UPD$b00$c20160701$lBLL01$h2102
=FIN  \\$aY$d20111228
=FMT  \\$a  BK
=LAS  \\$aBATCH-UPD$b00$c20160701$lBLL01$h2102
=SID  \\$aZ39$bOCLC

