=LDR  01836 am a2200481 a 4500
=001  015824876
=003  Uk
=005  20120206092054.0
=008  110614s2011\\\\enka\\\\\b\\\|0|0\0|eng\\
=015  \\$aGBB211287$2bnb
=016  7\$a015824876$2Uk
=040  \\$aUk$beng$cUk
=042  \\$aukblsr
=082  04$a338.52$223
=100  1\$aEickmeier, Sandra.
=245  14$aThe changing international transmission of financial shocks :$bevidence from a classical time-vary favar /$cSandra Eickmeier, Wolfgang Lemke, Massimiliano Marcellino.
=260  \\$aLondon :$bCentre for Economic Policy Research,$c2011.
=300  \\$a44 p. :$bill. ;$c22 cm.
=336  \\$atext$2rdacontent
=337  \\$aunmediated$2rdamedia
=338  \\$avolume$2rdacarrier
=490  1\$aDiscussion paper series,$x0265-8003 ;$vno. 8341
=500  \\$a"International macroeconomics."
=504  \\$aIncludes bibliographical references.
=530  \\$aAlso available via the Internet.
=650  \0$aFinancial crises$zUnited States.
=650  \0$aFinancial crises$xEconometric models.
=690  7\$aManagement and Business Studies$2blcoll
=700  1\$aLemke, Wolfgang.
=700  1\$aMarcellino, Massimiliano.
=710  2\$aCentre for Economic Policy Research (Great Britain)
=830  \0$aDiscussion paper (Centre for Economic Policy Research (Great Britain)) ;$vno. 8341.
=852  41$aBritish Library$bHMNTS$jYC.2012.a.2038
=856  41$uhttp://www.cepr.org/pubs/dps/DP8341.asp
=CAT  \\$a11029$b40$c20110614$lBLL01$h0942
=CAT  \\$a11029$b40$c20110614$lBLL01$h0944
=CAT  \\$a6933$b40$c20120203$lBLL01$h1500
=CAT  \\$a6933$b40$c20120206$lBLL01$h0920
=CAT  \\$aBATCH-MBS$c20120210$lBLL01$h2107
=CAT  \\$aWR16_021$c20160702$lBLL01$h1804
=FIN  \\$aY$d20120206
=FMT  \\$a  BK
=LAS  \\$aWR16_021$b00$c20160702$lBLL01$h1804

