=LDR  01678 am a2200457 a 4500
=001  015824910
=003  Uk
=005  20120203121949.0
=008  110614s2011\\\\enk\\\\\\b\\\|0|0\0|eng\\
=015  \\$aGBB211230$2bnb
=016  7\$a015824910$2Uk
=040  \\$aUk$beng$cUk
=042  \\$aukblsr
=082  04$a352.749$223
=100  1\$aPicard, Pierre M.
=245  10$aPatent office governance and patent system quality /$cPierre M. Picard, Bruno van Pottelsberghe de la Potterie.
=260  \\$aLondon :$bCentre for Economic Policy Research,$c2011.
=300  \\$a39 p. ;$c22 cm.
=336  \\$atext$2rdacontent
=337  \\$aunmediated$2rdamedia
=338  \\$avolume$2rdacarrier
=490  1\$aDiscussion paper series,$x0265-8003 ;$vno. 8338
=500  \\$a"Industrial organization."
=504  \\$aIncludes bibliographical references.
=530  \\$aAlso available via the Internet.
=650  \0$aPatent offices$xAdministration.
=650  \0$aPatents$xFees.
=690  7\$aManagement and Business Studies$2blcoll
=700  1\$aPottelsberghe de la Potterie, Bruno van.
=710  2\$aCentre for Economic Policy Research (Great Britain)
=830  \0$aDiscussion paper (Centre for Economic Policy Research (Great Britain)) ;$vno. 8338.
=852  41$aBritish Library$bHMNTS$jYC.2012.a.2039
=856  41$uhttp://www.cepr.org/pubs/dps/DP8338.asp
=CAT  \\$a11029$b40$c20110614$lBLL01$h1017
=CAT  \\$a11029$b40$c20110614$lBLL01$h1019
=CAT  \\$a6933$b40$c20120203$lBLL01$h1219
=CAT  \\$aBATCH-MBS$c20120210$lBLL01$h2107
=CAT  \\$aWR16_021$c20160702$lBLL01$h1804
=FIN  \\$aY$d20120203
=FMT  \\$a  BK
=LAS  \\$aWR16_021$b00$c20160702$lBLL01$h1804

