=LDR  01700 am a2200469 a 4500
=001  015824914
=003  Uk
=005  20120203120313.0
=008  110614s2011\\\\enka\\\\\b\\\|0|0\0|eng\\
=015  \\$aGBB211224$2bnb
=016  7\$a015824914$2Uk
=040  \\$aUk$beng$cUk
=042  \\$aukblsr
=082  04$a332.113$223
=100  1\$aGiannetti, Mariassunta,$d1971-
=245  14$aThe flight home effect :$bevidence from the syndicated loan market during financial crises /$cMariassunta, Giannetti, Luc Laeven.
=260  \\$aLondon :$bCentre for Economic Policy Research,$c2011.
=300  \\$a54 p. :$bill. ;$c22 cm.
=336  \\$atext$2rdacontent
=337  \\$aunmediated$2rdamedia
=338  \\$avolume$2rdacarrier
=490  1\$aDiscussion paper series,$x0265-8003 ;$vno. 8337
=500  \\$a"Financial economics."
=504  \\$aIncludes bibliographical references.
=530  \\$aAlso available via the Internet.
=650  \0$aBank loans.
=650  \0$aFinancial crises.
=650  \0$aCapital market.
=690  7\$aManagement and Business Studies$2blcoll
=700  1\$aLaeven, Luc.
=710  2\$aCentre for Economic Policy Research (Great Britain)
=830  \0$aDiscussion paper (Centre for Economic Policy Research (Great Britain)) ;$vno. 8337.
=852  41$aBritish Library$bHMNTS$jYC.2012.a.2040
=856  41$uhttp://www.cepr.org/pubs/dps/DP8337.asp
=CAT  \\$a11029$b40$c20110614$lBLL01$h1023
=CAT  \\$a11029$b40$c20110614$lBLL01$h1024
=CAT  \\$a6933$b40$c20120203$lBLL01$h1203
=CAT  \\$aBATCH-MBS$c20120210$lBLL01$h2107
=CAT  \\$aWR16_021$c20160702$lBLL01$h1804
=FIN  \\$aY$d20120203
=FMT  \\$a  BK
=LAS  \\$aWR16_021$b00$c20160702$lBLL01$h1804

