=LDR  01580 am a2200433 a 4500
=001  015824920
=003  Uk
=005  20120203105601.0
=008  110614s2011\\\\enka\\\\\b\\\|0|0\0|eng\\
=015  \\$aGBB211203$2bnb
=016  7\$a015824920$2Uk
=040  \\$aUk$beng$cUk
=042  \\$aukblsr
=082  04$a332.63228$223
=100  1\$aChemla, Gilles.
=245  10$aSecurity design :$bsignaling versus speculative markets /$cGilles Chemla, Christopher Hennessy.
=260  \\$aLondon :$bCentre for Economics Policy Research,$c2011.
=300  \\$a56 p. :$bill. ;$c21 cm.
=336  \\$atext$2rdacontent
=337  \\$aunmediated$2rdamedia
=338  \\$avolume$2rdacarrier
=490  1\$aDiscussion paper series,$x0265-8003 ;$vno. 8336
=500  \\$a"Financial economics."
=504  \\$aIncludes bibliographical references.
=530  \\$aAlso available via the Internet.
=690  7\$aManagement and Business Studies$2blcoll
=700  1\$aHennessy, Christopher A.,$d1970-
=710  2\$aCentre for Economic Policy Research (Great Britain)
=830  \0$aDiscussion paper (Centre for Economic Policy Research (Great Britain)) ;$vno. 8336.
=852  41$aBritish Library$bHMNTS$jYC.2012.a.2041
=856  41$uhttp://www.cepr.org/pubs/dps/DP8336.asp
=CAT  \\$a11029$b40$c20110614$lBLL01$h1027
=CAT  \\$a11029$b40$c20110614$lBLL01$h1030
=CAT  \\$a6933$b40$c20120203$lBLL01$h1056
=CAT  \\$aBATCH-MBS$c20120210$lBLL01$h2107
=CAT  \\$aWR16_021$c20160702$lBLL01$h1804
=FIN  \\$aY$d20120203
=FMT  \\$a  BK
=LAS  \\$aWR16_021$b00$c20160702$lBLL01$h1804

