=LDR  01823 am a2200469 a 4500
=001  015824927
=003  Uk
=005  20120203114432.0
=008  110614s2011\\\\enka\\\\\b\\\|0|0\0|eng\\
=015  \\$aGBB211201$2bnb
=016  7\$a015824927$2Uk
=040  \\$aUk$beng$cUk
=042  \\$aukblsr
=082  04$a338.90091742$223
=100  1\$aWilliamson, Jeffrey G.,$d1935-
=245  10$aIndustrial catching up in the poor periphery, 1870-1975 /$cJeffrey G. Williamson.
=260  \\$aLondon :$bCentre for Economics Policy Research,$c2011.
=300  \\$a61 p. :$bill. ;$c22 cm.
=336  \\$atext$2rdacontent
=337  \\$aunmediated$2rdamedia
=338  \\$avolume$2rdacarrier
=490  1\$aDiscussion paper series,$x0265-8003 ;$vno. 8335
=500  \\$a"Development economics."
=504  \\$aIncludes bibliographical references.
=530  \\$aAlso available via the Internet.
=650  \0$aIndustrialization$zDeveloping countries$y19th century.
=650  \0$aIndustrialization$zDeveloping countries$y20th century.
=650  \0$aLabor productivity$zDeveloping countries$y19th century.
=650  \0$aLabor productivity$zDeveloping countries$y20th century.
=690  7\$aManagement and Business Studies$2blcoll
=710  2\$aCentre for Economic Policy Research (Great Britain)
=830  \0$aDiscussion paper (Centre for Economic Policy Research (Great Britain)) ;$vno. 8335.
=852  41$aBritish Library$bHMNTS$jYC.2012.a.2042
=856  41$uhttp://www.cepr.org/pubs/dps/DP8335.asp
=CAT  \\$a11029$b40$c20110614$lBLL01$h1032
=CAT  \\$a11029$b40$c20110614$lBLL01$h1035
=CAT  \\$a6933$b40$c20120203$lBLL01$h1144
=CAT  \\$aBATCH-MBS$c20120210$lBLL01$h2107
=CAT  \\$aWR16_021$c20160702$lBLL01$h1804
=FIN  \\$aY$d20120203
=FMT  \\$a  BK
=LAS  \\$aWR16_021$b00$c20160702$lBLL01$h1804

