=LDR  02148 am a2200565 a 4500
=001  015824984
=003  Uk
=005  20120209083618.0
=008  110607s2011\\\\enka\\\\\b\\\\000\0\eng\d
=015  \\$aGBB211315$2bnb
=016  7\$a015824984$2Uk
=035  \\$a(OCoLC)731128698
=040  \\$aNLE$cNLE$dGZM$dUk
=042  \\$aukblsr
=082  04$a338.54209$223
=100  1\$aArtis, Michael J.
=245  10$aBusiness cycle synchronization since 1880 /$cMichael J. Artis, George Chouliarakis, P.K.G. Harischandra.
=260  \\$aLondon :$bCentre for Economic Policy Research,$c2011.
=300  \\$a36 p. :$bill. ;$c21 cm.
=336  \\$atext$2rdacontent
=337  \\$aunmediated$2rdamedia
=338  \\$avolume$2rdacarrier
=490  1\$aDiscussion paper series,$x0265-8003 ;$vno. 8347
=500  \\$a"International macroeconomics and economic history initiative".
=504  \\$aIncludes bibliographical references.
=650  \0$aBusiness cycles$xHistory.
=650  \0$aInternational economic integration.
=690  7\$aManagement and Business Studies$2blcoll
=700  1\$aChouliarakis, George.
=700  1\$aHarischandra, P. K. G.$q(Pahatch Kumbure Gedara).
=710  2\$aCentre for Economic Policy Research (Great Britain)
=830  \0$aDiscussion paper series (Centre for the Economics of Education (Great Britain)) ;$vno. 8347.
=852  41$aBritish Library$bHMNTS$jYK.2012.a.4602
=856  41$uhttp://www.cepr.org/pubs/dps/DP8347.asp
=CAT  \\$a11029$b40$c20110614$lBLL01$h1102
=CAT  \\$a11029$b40$c20110614$lBLL01$h1106
=CAT  \\$a6537$b40$c20111228$lBLL01$h1200
=CAT  \\$a5751$b40$c20120206$lBLL01$h1141
=CAT  \\$a5751$b40$c20120208$lBLL01$h1046
=CAT  \\$a10743$b40$c20120208$lBLL01$h1258
=CAT  \\$a9666$b40$c20120208$lBLL01$h1613
=CAT  \\$a9666$b40$c20120208$lBLL01$h1657
=CAT  \\$a9666$b40$c20120209$lBLL01$h0836
=CAT  \\$aBATCH-MBS$c20120217$lBLL01$h2110
=CAT  \\$aWR16_021$c20160702$lBLL01$h1804
=CAT  \\$aBATCH-UPD$b00$c20171025$lBLL01$h1524
=FIN  \\$aY$d20120208
=FMT  \\$a  BK
=LAS  \\$aBATCH-UPD$b00$c20171025$lBLL01$h1524
=SID  \\$aZ39$bOCLC

