=LDR  01720 am a2200481 a 4500
=001  015824994
=003  Uk
=005  20120208114728.0
=008  110606s2011\\\\enka\\\\\b\\\\000\0\eng\d
=015  \\$aGBB211321$2bnb
=016  7\$a015824994$2Uk
=035  \\$a(OCoLC)731128657
=040  \\$aNLE$cNLE$dGZM$dUk
=042  \\$aukblsr
=082  04$a330.94$223
=100  1\$aGerlach, Stefan.
=245  10$aECB repo rate setting during the financial crisis /$cStefan Gerlach.
=260  \\$aLondon :$bCentre for Economic Policy Research,$c2011.
=300  \\$a8 p. :$b1 ill. ;$c21 cm.
=336  \\$atext$2rdacontent
=337  \\$aunmediated$2rdamedia
=338  \\$avolume$2rdacarrier
=490  1\$aDiscussion paper series,$x0265-8003 ;$vno. 8346
=500  \\$a"International macroeconomics".
=504  \\$aIncludes bibliographical references.
=610  20$aEuropean Central Bank.
=650  \0$aPrime rate$zEuropean Union countries.
=650  \0$aGlobal Financial Crisis, 2008-2009.
=690  7\$aManagement and Business Studies$2blcoll
=710  2\$aCentre for Economic Policy Research (Great Britain)
=830  \0$aDiscussion paper (Centre for Economic Policy Research (Great Britain)) ;$vno. 8346.
=852  41$aBritish Library$bHMNTS$jYK.2012.a.4115
=856  41$uhttp://www.cepr.org/pubs/dps/DP8346.asp
=CAT  \\$a11029$b40$c20110614$lBLL01$h1110
=CAT  \\$a11029$b40$c20110614$lBLL01$h1111
=CAT  \\$a5751$b40$c20120206$lBLL01$h1200
=CAT  \\$a5751$b40$c20120208$lBLL01$h1147
=CAT  \\$aBATCH-MBS$c20120217$lBLL01$h2110
=CAT  \\$aWR16_021$c20160702$lBLL01$h1804
=FIN  \\$aY$d20120208
=FMT  \\$a  BK
=LAS  \\$aWR16_021$b00$c20160702$lBLL01$h1804
=SID  \\$aZ39$bOCLC

