=LDR  01671 am a2200445 a 4500
=001  015825122
=003  Uk
=005  20120206093927.0
=008  110614s2011\\\\enkab\\\\b\\\|1|0\0|eng\\
=015  \\$aGBB211291$2bnb
=016  7\$a015825122$2Uk
=040  \\$aUk$beng$cUk
=042  \\$aukblsr
=082  04$a305.8924043$223
=100  1\$aVoigtländer, Nico,$d1977-
=245  10$aPersecution perpetuated :$bthe medieval origins of anti-semitic violence in Nazi Germany /$cNico Voigtlaender, Hans-Joachim Voth.
=260  \\$aLondon :$bCentre for Economic Policy Research,$c2011.
=300  \\$a54 p. :$bill., maps ;$c22 cm.
=336  \\$atext$2rdacontent
=337  \\$aunmediated$2rdamedia
=338  \\$avolume$2rdacarrier
=490  1\$aDiscussion paper series,$vno. 8365$x0265-8003 ;
=500  \\$a"International macroeconomics and economic history initiative."
=504  \\$aIncludes bibliographical references.
=530  \\$aAlso available via the Internet.
=650  \0$aAntisemitism$zGermany$xHistory.
=650  \0$aHate crimes$zGermany$xHistory.
=690  7\$aSocial Welfare$2blcoll
=700  1\$aVoth, Hans-Joachim.
=830  \0$aDiscussion paper (Centre for Economic Policy Research (Great Britain)) ;$vno. 8365.
=852  41$aBritish Library$bHMNTS$jYC.2012.a.2037
=856  41$uhttp://www.cepr.org/pubs/dps/DP8365.asp
=CAT  \\$a11029$b40$c20110614$lBLL01$h1223
=CAT  \\$a11029$b40$c20110614$lBLL01$h1224
=CAT  \\$a6933$b40$c20120206$lBLL01$h0939
=CAT  \\$aBATCH-SWP$c20120211$lBLL01$h0007
=CAT  \\$aWR16_021$c20160702$lBLL01$h1804
=FIN  \\$aY$d20120206
=FMT  \\$a  BK
=LAS  \\$aWR16_021$b00$c20160702$lBLL01$h1804

