=LDR  01848 am a2200505 a 4500
=001  015847875
=003  Uk
=005  20120314143337.0
=008  110712s2011\\\\enka\\\\\b\\\\000\0\eng\d
=015  \\$aGBB225482$2bnb
=016  7\$a015847875$2Uk
=035  \\$a(OCoLC)741344752
=040  \\$aNLE$cNLE$dGZM$dUk
=042  \\$aukblsr
=082  04$a382.70958$223
=100  1\$aAmiti, Mary.
=245  10$aTrade liberalization and the wage skill premium :$bevidence from Indonesia /$cMary Amiti, Lisa Cameron.
=260  \\$aLondon :$bCentre for Economic Policy Research,$c2011.
=300  \\$a28 p. :$bill. ;$c21 cm.
=336  \\$atext$2rdacontent
=337  \\$aunmediated$2rdamedia
=338  \\$avolume$2rdacarrier
=490  1\$aDiscussion paper series,$x0265-8003 ;$vno. 8382
=500  \\$a"International macroeconomics and regional economics".
=504  \\$aIncludes bibliographical references.
=650  \0$aTariff$zIndonesia.
=650  \0$aWages$zIndonesia.
=650  \0$aFree trade$xEconomic aspects$zIndonesia.
=690  7\$aManagement and Business Studies$2blcoll
=700  1\$aCameron, Lisa Ann,$d1967-
=710  2\$aCentre for Economic Policy Research (Great Britain)
=830  \0$aDiscussion paper (Centre for Economic Policy Research (Great Britain)) ;$vno. 8382.
=852  41$aBritish Library$bHMNTS$jYK.2012.a.7830
=856  41$uhttp://www.cepr.org/pubs/dps/DP8382.asp
=CAT  \\$a12664$b40$c20110713$lBLL01$h1146
=CAT  \\$a12664$b40$c20110713$lBLL01$h1151
=CAT  \\$a5751$b40$c20120313$lBLL01$h1633
=CAT  \\$a5751$b40$c20120314$lBLL01$h1134
=CAT  \\$a10743$b40$c20120314$lBLL01$h1433
=CAT  \\$aBATCH-MBS$c20120323$lBLL01$h2104
=CAT  \\$aWR16_021$c20160702$lBLL01$h1809
=FIN  \\$aY$d20120314
=FMT  \\$a  BK
=LAS  \\$aWR16_021$b00$c20160702$lBLL01$h1809
=SID  \\$aZ39$bOCLC

