=LDR  01917 am a2200505 a 4500
=001  015847920
=003  Uk
=005  20120314113721.0
=008  110719s2011\\\\enk\\\\\\b\\\\000\0\eng\d
=015  \\$aGBB227386$2bnb
=016  7\$a015847920$2Uk
=035  \\$a(OCoLC)741656346
=040  \\$aGZM$cGZM$dUk
=042  \\$aukblsr
=082  04$a330.941$223
=100  1\$aCrafts, N. F. R.
=245  10$aBritish relative economic decline revisited /$cNicholas Crafts.
=260  \\$aLondon :$bCentre for Economic Policy Research,$c2011.
=300  \\$a34 p. ;$c21 cm.
=336  \\$atext$2rdacontent
=337  \\$aunmediated$2rdamedia
=338  \\$avolume$2rdacarrier
=490  1\$aDiscussion paper series,$x0265-8003 ;$vno. 8384
=500  \\$a"International macroeconomics and Economic history initiative".
=504  \\$aIncludes bibliographical references.
=650  \0$aIndustrial productivity$zGreat Britain$xHistory$y20th century.
=650  \0$aIndustrial efficiency$zGreat Britain$xHistory$y20th century.
=651  \0$aGreat Britain$xEconomic conditions$y20th century.
=690  7\$aManagement and Business Studies$2blcoll
=710  2\$aCentre for Economic Policy Research (Great Britain)
=830  \0$aDiscussion paper (Centre for Economic Policy Research (Great Britain)) ;$vno. 8384.
=852  41$aBritish Library$bHMNTS$jYK.2012.a.7834
=856  41$uhttp://www.cepr.org/pubs/dps/DP8384.asp
=CAT  \\$a12664$b40$c20110713$lBLL01$h1208
=CAT  \\$a5751$b40$c20120314$lBLL01$h0835
=CAT  \\$a5751$b40$c20120314$lBLL01$h0855
=CAT  \\$a5751$b40$c20120314$lBLL01$h1137
=CAT  \\$aBATCH-MBS$c20120323$lBLL01$h2104
=CAT  \\$aBATCH-UPD$b00$c20151218$lBLL01$h0655
=CAT  \\$aWR16_021$c20160702$lBLL01$h1809
=CAT  \\$aBATCH-UPD$b00$c20180630$lBLL01$h1736
=FIN  \\$aY$d20120314
=FMT  \\$a  BK
=LAS  \\$aBATCH-UPD$b00$c20180630$lBLL01$h1736
=SID  \\$aZ39$bOCLC

