=LDR  01967 am a2200517 a 4500
=001  015897649
=003  Uk
=005  20120601140910.0
=008  110930s2011\\\\enka\\\\\b\\\\000\0\eng\d
=015  \\$aGBB254026$2bnb
=016  7\$a015897649$2Uk
=035  \\$a(OCoLC)756593640
=040  \\$aNLE$cNLE$dGZM$dUk
=042  \\$aukblsr
=082  04$a330.0112$223
=100  1\$aInoue, Atsushi,$d1968-
=245  10$aOut-of-sample forecast tests robust to the choice of window size /$cAtsushi Inoue, Barbara Rossi.
=260  \\$aLondon (77 Bastwick St., London, EC1V 3PZ) :$bCentre for Economic Policy Research,$c2011.
=300  \\$a63 p. :$bill. ;$c21 cm.
=336  \\$atext$2rdacontent
=337  \\$aunmediated$2rdamedia
=338  \\$avolume$2rdacarrier
=490  1\$aDiscussion paper / Centre for Economic Policy Research,$x0265-8003 ;$vno. 8542
=500  \\$a"International macroeconomics." --Cover.
=500  \\$a"August 2011."
=504  \\$aIncludes bibliographical references.
=530  \\$aAlso available from the CEPR World Wide Web site (www.cepr.org).
=650  \0$aEconomic forecasting.
=650  \0$aEconometrics.
=690  7\$aManagement and Business Studies$2blcoll
=700  1\$aRossi, Barbara,$d1971-
=710  2\$aCentre for Economic Policy Research (Great Britain)
=830  \0$aDiscussion paper (Centre for Economic Policy Research (Great Britain)),$x0265-8003 ;$vno. 8542.
=852  41$aBritish Library$bHMNTS$jYK.2012.a.15869
=856  41$uhttp://www.cepr.org/pubs/dps/DP8542.asp
=CAT  \\$a11168$b40$c20110926$lBLL01$h0953
=CAT  \\$a11168$b40$c20110926$lBLL01$h0954
=CAT  \\$a9671$b40$c20120601$lBLL01$h0949
=CAT  \\$a9671$b40$c20120601$lBLL01$h1032
=CAT  \\$a9671$b40$c20120601$lBLL01$h1409
=CAT  \\$aBATCH-MBS$c20120615$lBLL01$h2109
=CAT  \\$aWR16_021$c20160702$lBLL01$h1819
=FIN  \\$aY$d20120601
=FMT  \\$a  BK
=LAS  \\$aWR16_021$b00$c20160702$lBLL01$h1819
=SID  \\$aZ39$bOCLC

