=LDR  01968 am a2200529 a 4500
=001  013820133
=003  Uk
=005  20081120105626.0
=008  070804s2007\\\\enk\\\\\\b\\\\000\0\eng\d
=015  \\$aGBA8D2539$2bnb
=016  7\$a013820133$2Uk
=020  \\$cNo price (pbk.)
=035  \\$a(OCoLC)170954342
=040  \\$aEQO$cEQO$dGZM$dUk
=042  \\$aukblsr
=043  \\$ae------
=082  04$a658.15$222
=100  1\$aBena, Jan,$d1976-
=245  10$aFinancial development and growth in direct firm-level comparisons /$cJan Bena, Stepan Jurajda.
=260  \\$aLondon :$bCentre for Economic Policy Research,$c2007.
=300  \\$a26, [12] p. ;$c21 cm.
=336  \\$atext$2rdacontent
=337  \\$aunmediated$2rdamedia
=338  \\$avolume$2rdacarrier
=490  1\$aDiscussion paper series,$x0265-8003 ;$vno. 6395
=500  \\$a"Financial economics"--cover.
=504  \\$aIncludes bibliographical references.
=650  \0$aCorporations$zEuropean Union countries$xFinance.
=650  \0$aFinancial institutions, International$zEuropean Union countries.
=650  \0$aBanks and banking, International$zEuropean Union countries.
=690  7\$aManagement and Business Studies$2blcoll
=700  1\$aJurajda, Štěpán.
=710  2\$aCentre for Economic Policy Research (Great Britain)
=830  \0$aDiscussion paper (Centre for Economic Policy Research (Great Britain)) ;$vno. 6395.
=852  41$aBritish Library$bHMNTS$jYK.2008.a.22130
=856  41$uhttp://www.cepr.org/pubs/dps/DP6395.asp
=CAT  \\$a12493$b40$c20070816$lBLL01$h1353
=CAT  \\$a12493$b40$c20070816$lBLL01$h1354
=CAT  \\$a5751$b40$c20081119$lBLL01$h1429
=CAT  \\$a5751$b40$c20081120$lBLL01$h1056
=CAT  \\$aBATCH$b00$c20090625$lBLL01$h1704
=CAT  \\$aBATCH-UPD$b00$c20150819$lBLL01$h1723
=CAT  \\$aWR16_021$c20160618$lBLL01$h1804
=FIN  \\$aY$d20081120
=FMT  \\$a  BK
=LAS  \\$aWR16_021$b00$c20160618$lBLL01$h1804
=SID  \\$aZ39$bOCLC

