=LDR  01842 am a2200505 a 4500
=001  013820168
=003  Uk
=005  20081120095430.0
=008  070804s2007\\\\enka\\\\\b\\\\000\0\eng\d
=015  \\$aGBA8D2466$2bnb
=016  7\$a013820168$2Uk
=020  \\$cNo price (pbk.)
=035  \\$a(OCoLC)171109444
=040  \\$aEQO$cEQO$dGZM$dOCLCG$dUk
=042  \\$aukblsr
=082  04$a332.67254$222
=100  1\$aMcCarthy, David,$cPh. D.
=245  10$aOptimal portfolio allocation for corporate pension funds /$cDavid McCarthy, David K. Miles.
=260  \\$aLondon :$bCentre for Economic Policy Research,$c2007.
=300  \\$a31 p. :$bill. ;$c21 cm.
=336  \\$atext$2rdacontent
=337  \\$aunmediated$2rdamedia
=338  \\$avolume$2rdacarrier
=490  1\$aDiscussion paper series,$x0265-8003 ;$vno. 6394
=500  \\$a"Financial economics"--cover.
=504  \\$aIncludes bibliographical references.
=530  \\$aAlso available from the CEPR World Wide Web site (www.cepr.org).
=650  \0$aPension trusts$xInvestments.
=650  \0$aPortfolio management.
=690  7\$aManagement and Business Studies$2blcoll
=700  1\$aMiles, David,$d1959-
=710  2\$aCentre for Economic Policy Research (Great Britain)
=830  \0$aDiscussion paper (Centre for Economic Policy Research (Great Britain)) ;$vno. 6394.
=852  41$aBritish Library$bHMNTS$jYK.2008.a.22135
=856  41$uhttp://www.cepr.org/pubs/dps/DP6394.asp
=CAT  \\$a12493$b40$c20070816$lBLL01$h1416
=CAT  \\$a5751$b40$c20081119$lBLL01$h1053
=CAT  \\$a5751$b40$c20081120$lBLL01$h0954
=CAT  \\$aBATCH$b00$c20090625$lBLL01$h1704
=CAT  \\$aWR16_021$c20160618$lBLL01$h1804
=CAT  \\$a7416$b40$c20171121$lBLL01$h1104
=FIN  \\$aY$d20081120
=FMT  \\$a  BK
=LAS  \\$a7416$b40$c20171121$lBLL01$h1104
=SID  \\$aZ39$bOCLC

