=LDR  01858 am a2200517 a 4500
=001  013820226
=003  Uk
=005  20081118094002.0
=008  070716s2007\\\\enka\\\\\b\\\\000\0\eng\d
=015  \\$aGBA8D0548$2bnb
=016  7\$a013820226$2Uk
=035  \\$a(OCoLC)167761741
=040  \\$aEQO$cEQO$dGZM$dOCLCG$dUk
=042  \\$aukblsr
=043  \\$ae-gx---
=082  04$a331.2592$222
=100  1\$aLechner, Michael,$d1962-
=245  10$aEarnings effects of training programs /$cMichael Lechner, Blaise Melly.
=260  \\$aLondon :$bCentre for Economic Policy Research,$c2007.
=300  \\$a49 p. :$bill. ;$c21 cm.
=336  \\$atext$2rdacontent
=337  \\$aunmediated$2rdamedia
=338  \\$avolume$2rdacarrier
=490  1\$aDiscussion paper,$x0265-8003 ;$vno. 6400
=500  \\$a"Labour economics."
=504  \\$aIncludes bibliographical references.
=530  \\$aAlso available from the CEPR World Wide Web site (www.cepr.org).
=650  \0$aWages$xEffect of education on$zGermany.
=650  \0$aEmployees$xTraining of$zGermany.
=690  7\$aManagement and Business Studies$2blcoll
=690  7\$aSocial Welfare$2blcoll
=700  1\$aMelly, Blaise.
=710  2\$aCentre for Economic Policy Research (Great Britain)
=830  \0$aDiscussion paper (Centre for Economic Policy Research (Great Britain)) ;$vno. 6400.
=852  41$aBritish Library$bHMNTS$jYK.2008.a.21882
=856  41$uhttp://www.cepr.org/pubs/dps/DP6400.asp
=CAT  \\$a12493$b40$c20070816$lBLL01$h1446
=CAT  \\$a5447$b40$c20081118$lBLL01$h0940
=CAT  \\$aBATCH$b00$c20090625$lBLL01$h1704
=CAT  \\$aBATCH$b00$c20110625$lBLL01$h0530
=CAT  \\$aBATCH-SWP4$c20110627$lBLL01$h1613
=CAT  \\$aWR16_021$c20160618$lBLL01$h1804
=FIN  \\$aY$d20081118
=FMT  \\$a  BK
=LAS  \\$aWR16_021$b00$c20160618$lBLL01$h1804
=SID  \\$aZ39$bOCLC

