=LDR  01687 am a2200481 a 4500
=001  013820230
=003  Uk
=005  20081119102440.0
=008  070804s2007\\\\enka\\\\\b\\\\000\0\eng\d
=015  \\$aGBA8D0544$2bnb
=016  7\$a013820230$2Uk
=020  \\$cNo price (pbk.)
=035  \\$a(OCoLC)171262636
=040  \\$aEQO$beng$cEQO$dGZM$dUk
=042  \\$aukblsr
=082  04$a363.73874526$222
=100  1\$aGersbach, Hans.
=245  10$aOn the design of global refunding and climate change /$cHans Gersbach, Ralph Winkler.
=260  \\$aLondon :$bCentre for Economic Policy Research,$c2007.
=300  \\$a29 p. :$bill. ;$c21 cm.
=336  \\$atext$2rdacontent
=337  \\$aunmediated$2rdamedia
=338  \\$avolume$2rdacarrier
=490  1\$aDiscussion paper,$x0265-8003 ;$vno. 6379
=500  \\$a"Public policy."
=504  \\$aIncludes bibliographical references.
=530  \\$aAlso available from the CEPR World Wide Web site (www.cepr.org).
=650  \0$aCarbon taxes.
=650  \0$aEmissions trading.
=650  \0$aEnvironmental law, International.
=700  1\$aWinkler, Ralph.
=710  2\$aCentre for Economic Policy Research (Great Britain)
=830  \0$aDiscussion paper (Centre for Economic Policy Research (Great Britain)) ;$vno. 6379.
=852  41$aBritish Library$bHMNTS$jYK.2008.a.22145
=856  41$uhttp://www.cepr.org/pubs/dps/DP6379.asp
=CAT  \\$a12493$b40$c20070816$lBLL01$h1448
=CAT  \\$a5447$b40$c20081118$lBLL01$h0927
=CAT  \\$a10743$b40$c20081119$lBLL01$h1024
=CAT  \\$aWR16_021$c20160618$lBLL01$h1804
=FIN  \\$aY$d20081118
=FMT  \\$a  BK
=LAS  \\$aWR16_021$b00$c20160618$lBLL01$h1804
=SID  \\$aZ39$bOCLC

