=LDR  01935 am a2200529 a 4500
=001  013820234
=003  Uk
=005  20081124100902.0
=008  070804s2007\\\\enka\\\\\b\\\\000\0\eng\d
=015  \\$aGBA8D2549$2bnb
=016  7\$a013820234$2Uk
=020  \\$cNo price (pbk.)
=035  \\$a(OCoLC)171262673
=040  \\$aEQO$cEQO$dGZM$dUk
=042  \\$aukblsr
=043  \\$aa-ii---
=082  04$a338.040954$222
=100  1\$aAudretsch, David B.
=245  10$aReligion and entrepreneurship /$cDavid B. Audretsch, Werner Bönte, Jagannadha Pawan Tamvada.
=260  \\$aLondon :$bCentre for Economic Policy Research,$c2007.
=300  \\$a27 p. :$bill. ;$c21 cm.
=336  \\$atext$2rdacontent
=337  \\$aunmediated$2rdamedia
=338  \\$avolume$2rdacarrier
=490  1\$aDiscussion paper series,$x0265-8003 ;$vno. 6378
=500  \\$a"Industrial organization"--cover.
=504  \\$aIncludes bibliographical references.
=530  \\$aAlso available from the CEPR World Wide Web site (www.cepr.org).
=650  \0$aEntrepreneurship$zIndia$vCross-cultural studies.
=650  \0$aCaste$xEconomic aspects$zIndia.
=690  7\$aManagement and Business Studies$2blcoll
=700  1\$aBönte, Werner.
=700  1\$aTamvada, Jagannadha Pawan.
=710  2\$aCentre for Economic Policy Research (Great Britain)
=830  \0$aDiscussion paper (Centre for Economic Policy Research (Great Britain)) ;$vno. 6378.
=852  41$aBritish Library$bHMNTS$jYK.2008.a.22404
=856  41$uhttp://www.cepr.org/pubs/dps/DP6378.asp
=CAT  \\$a12493$b40$c20070816$lBLL01$h1450
=CAT  \\$a5751$b40$c20081119$lBLL01$h1449
=CAT  \\$a5751$b40$c20081120$lBLL01$h1120
=CAT  \\$a8964$b40$c20081124$lBLL01$h1009
=CAT  \\$aBATCH$b00$c20090625$lBLL01$h1704
=CAT  \\$aWR16_021$c20160618$lBLL01$h1804
=FIN  \\$aY$d20081120
=FMT  \\$a  BK
=LAS  \\$aWR16_021$b00$c20160618$lBLL01$h1804
=SID  \\$aZ39$bOCLC

