=LDR  01713 am a2200481 a 4500
=001  013820288
=003  Uk
=005  20081120095825.0
=008  070716s2007\\\\enka\\\\\b\\\\000\0\eng\d
=015  \\$aGBA8D2492$2bnb
=016  7\$a013820288$2Uk
=020  \\$cNo price (pbk.)
=035  \\$a(OCoLC)167761771
=040  \\$aEQO$cEQO$dGZM$dUk
=042  \\$aukblsr
=082  04$a155.924$222
=100  1\$aBlack, Sandra E.
=245  10$aOlder and wiser? :$bbirth order and IQ of young men /$cSandra Black, Paul J. Devereux, Kjell G. Salvanes.
=260  \\$aLondon :$bCentre for Economic Policy Research,$c2007.
=300  \\$a25 p. :$bill. ;$c21 cm.
=336  \\$atext$2rdacontent
=337  \\$aunmediated$2rdamedia
=338  \\$avolume$2rdacarrier
=490  1\$aDiscussion paper series,$x0265-8003 ;$vno. 6375
=500  \\$a"Labour economics"--cover.
=504  \\$aIncludes bibliographical references.
=530  \\$aAlso available from the CEPR World Wide Web site (www.cepr.org).
=650  \0$aBirth order.
=650  \0$aYoung men$xIntelligence levels.
=700  1\$aDevereux, Paul J.
=700  1\$aSalvanes, Kjell G.
=710  2\$aCentre for Economic Policy Research (Great Britain)
=830  \0$aDiscussion paper (Centre for Economic Policy Research (Great Britain)) ;$vno. 6375.
=852  41$aBritish Library$bHMNTS$jYK.2008.a.22133
=856  41$uhttp://www.cepr.org/pubs/dps/DP6375.asp
=CAT  \\$a12493$b40$c20070816$lBLL01$h1529
=CAT  \\$a5751$b40$c20081119$lBLL01$h1147
=CAT  \\$a5751$b40$c20081120$lBLL01$h0958
=CAT  \\$aWR16_021$c20160618$lBLL01$h1804
=FIN  \\$aY$d20081120
=FMT  \\$a  BK
=LAS  \\$aWR16_021$b00$c20160618$lBLL01$h1804
=SID  \\$aZ39$bOCLC

