=LDR  01920 am a2200529 a 4500
=001  013820293
=003  Uk
=005  20081120134255.0
=008  070804s2007\\\\enka\\\\\b\\\\000\0\eng\d
=015  \\$aGBA8D2483$2bnb
=016  7\$a013820293$2Uk
=020  \\$cNo price (pbk.)
=035  \\$a(OCoLC)171109472
=040  \\$aEQO$cEQO$dGZM$dUk
=042  \\$aukblsr
=082  04$a332.6322$222
=100  1\$aDasgupta, Amil.
=245  10$aInstitutional trade persistence and long-term equity returns /$cAmil Dasgupta, Andrea Prat, Michela Verardo.
=260  \\$aLondon :$bCentre for Economic Policy Research,$c2007.
=300  \\$a37 p. :$bill. ;$c21 cm.
=336  \\$atext$2rdacontent
=337  \\$aunmediated$2rdamedia
=338  \\$avolume$2rdacarrier
=490  1\$aDiscussion paper series,$x0265-8003 ;$vno. 6374
=500  \\$a"Financial economic"--cover.
=504  \\$aIncludes bibliographical references.
=530  \\$aAlso available from the CEPR World Wide Web site (www.cepr.org).
=650  \0$aInstitutional investments.
=650  \0$aStocks$xRate of return.
=690  7\$aManagement and Business Studies$2blcoll
=700  1\$aPrat, Andrea.
=700  1\$aVerardo, Michela.
=710  2\$aCentre for Economic Policy Research (Great Britain)
=830  \0$aDiscussion paper (Centre for Economic Policy Research (Great Britain)) ;$vno. 6374.
=852  41$aBritish Library$bHMNTS$jYK.2008.a.22177
=856  41$uhttp://www.cepr.org/pubs/dps/DP6374.asp
=CAT  \\$a12493$b40$c20070816$lBLL01$h1531
=CAT  \\$a5751$b40$c20081119$lBLL01$h1123
=CAT  \\$a5751$b40$c20081119$lBLL01$h1133
=CAT  \\$a5751$b40$c20081120$lBLL01$h0956
=CAT  \\$a8964$b40$c20081120$lBLL01$h1342
=CAT  \\$aBATCH$b00$c20090625$lBLL01$h1704
=CAT  \\$aWR16_021$c20160618$lBLL01$h1804
=FIN  \\$aY$d20081120
=FMT  \\$a  BK
=LAS  \\$aWR16_021$b00$c20160618$lBLL01$h1804
=SID  \\$aZ39$bOCLC

