=LDR  02016cam a2200541 a 4500
=001  013820400
=003  Uk
=005  20081114114840.0
=008  071001s2007\\\\enka\\\\\b\\\\000\0\eng\d
=015  \\$aGBA8D0087$2bnb
=016  7\$a013820400$2Uk
=035  \\$a(OCoLC)173511969
=040  \\$aGZM$beng$cGZM$dOCLCA
=042  \\$aukblsr
=082  04$a368.44$222
=100  1\$aHassler, John.
=245  10$aUnemployment insurance design :$binducing moving and retraining /$cJohn Hassler, José V. Rodríguez Mora.
=260  \\$aLondon :$bCentre for Economic Policy Research,$c2007.
=300  \\$a49 p. :$bill. ;$c21 cm.
=336  \\$atext$2rdacontent
=337  \\$aunmediated$2rdamedia
=338  \\$avolume$2rdacarrier
=490  1\$aDiscussion paper,$x0265-8003 ;$vno. 6364
=500  \\$a"International macroeconomics."
=504  \\$aIncludes bibliographical references.
=530  \\$aAlso available from the CEPR World Wide Web site (www.cepr.org).
=650  \0$aUnemployment insurance.
=650  \0$aLabor mobility.
=690  7\$aManagement and Business Studies$2blcoll
=690  7\$aSocial Welfare$2blcoll
=700  1\$aRodríguez Mora, José Vicente,$d1965-
=710  2\$aCentre for Economic Policy Research (Great Britain)
=830  \0$aDiscussion paper (Centre for Economic Policy Research (Great Britain)) ;$vno. 6364.
=852  41$aBritish Library$bHMNTS$jYK.2008.a.21887
=856  41$uhttp://www.cepr.org/pubs/dps/DP6364.asp
=CAT  \\$a12493$b40$c20070816$lBLL01$h1651
=CAT  \\$a12493$b40$c20070816$lBLL01$h1652
=CAT  \\$a5447$b40$c20081114$lBLL01$h1148
=CAT  \\$aBATCH$b00$c20090625$lBLL01$h1704
=CAT  \\$aBATCH$b00$c20110625$lBLL01$h0530
=CAT  \\$aBATCH-SWP4$c20110627$lBLL01$h1613
=CAT  \\$aWR16_021$c20160618$lBLL01$h1804
=CAT  \\$aBATCH-UPD$b00$c20160618$lBLL01$h1815
=CAT  \\$aBATCH-UPD$b00$c20221030$lBLL01$h2221
=FIN  \\$aY$d20081114
=FMT  \\$a  BK
=LAS  \\$aBATCH-UPD$b00$c20221030$lBLL01$h2221
=SID  \\$aZ39$bOCLC

