=LDR  01745 am a2200481 a 4500
=001  013820402
=003  Uk
=005  20081114120143.0
=008  070919s2007\\\\enka\\\\\b\\\\000\0\eng\d
=015  \\$aGBA8D0091$2bnb
=016  7\$a013820402$2Uk
=020  \\$cNo price (pbk.)
=035  \\$a(OCoLC)173162149
=040  \\$aEQO$beng$cEQO$dGZM$dUk
=042  \\$aukblsr
=043  \\$af-ug---
=082  04$a372.96761$222
=100  1\$aReinikka, Ritva.
=245  14$aThe returns from reducing corruption :$bevidence from education in Uganda /$cRitva Reinikka, Jakob Svensson.
=260  \\$aLondon :$bCentre for Economic Policy Research,$c2007.
=300  \\$a27, [12] p. :$bill. ;$c21 cm.
=336  \\$atext$2rdacontent
=337  \\$aunmediated$2rdamedia
=338  \\$avolume$2rdacarrier
=490  1\$aDiscussion paper,$x0265-8003 ;$vno. 6363
=500  \\$a"Development economics."
=504  \\$aIncludes bibliographical references.
=530  \\$aAlso available from the CEPR World Wide Web site (www.cepr.org).
=650  \0$aEducation, Elementary$zUganda.
=650  \0$aEducation, Elementary$xCorrupt practices$zUganda.
=700  1\$aSvensson, Jakob.
=710  2\$aCentre for Economic Policy Research (Great Britain)
=830  \0$aDiscussion paper (Centre for Economic Policy Research (Great Britain)) ;$vno. 6363.
=852  41$aBritish Library$bHMNTS$jYK.2008.a.21886
=856  41$uhttp://www.cepr.org/pubs/dps/DP6363.asp
=CAT  \\$a12493$b40$c20070816$lBLL01$h1653
=CAT  \\$a12493$b40$c20070816$lBLL01$h1654
=CAT  \\$a5447$b40$c20081114$lBLL01$h1201
=CAT  \\$aWR16_021$c20160618$lBLL01$h1804
=FIN  \\$aY$d20081114
=FMT  \\$a  BK
=LAS  \\$aWR16_021$b00$c20160618$lBLL01$h1804
=SID  \\$aZ39$bOCLC

