=LDR  01845 am a2200517 a 4500
=001  013820403
=003  Uk
=005  20081114134356.0
=008  070804s2007\\\\enk\\\\\\b\\\\000\0\eng\d
=015  \\$aGBA8D0113$2bnb
=016  7\$a013820403$2Uk
=020  \\$cNo price (pbk.)
=035  \\$a(OCoLC)171262521
=040  \\$aEQO$beng$cEQO$dGZM$dUk
=042  \\$aukblsr
=082  04$a339.22$222
=100  10$aDasgupta, Indraneel.
=245  10$aShould egalitarians expropriate philanthropists? /$cIndraneel Dasgupta, Ravi Kanbur.
=260  \\$aLondon :$bCentre for Economic Policy Research,$c2007.
=300  \\$a14 p. ;$c21 cm.
=336  \\$atext$2rdacontent
=337  \\$aunmediated$2rdamedia
=338  \\$avolume$2rdacarrier
=490  1\$aDiscussion paper,$x0265-8003 ;$vno. 6362
=500  \\$a"Public policy."
=504  \\$aIncludes bibliographical references.
=530  \\$aAlso available from the CEPR World Wide Web site (www.cepr.org).
=650  \0$aPhilanthropists$xTaxation.
=650  \0$aPublic goods.
=650  \0$aIncome distribution.
=690  7\$aManagement and Business Studies$2blcoll
=700  1\$aKanbur, S. M. Ravi,$d1954-
=710  2\$aCentre for Economic Policy Research (Great Britain)
=830  \0$aDiscussion paper (Centre for Economic Policy Research (Great Britain)) ;$vno. 6362.
=852  41$aBritish Library$bHMNTS$jYK.2008.a.21885
=856  41$uhttp://www.cepr.org/pubs/dps/DP6362.asp
=CAT  \\$a12493$b40$c20070816$lBLL01$h1655
=CAT  \\$a5447$b40$c20081114$lBLL01$h1343
=CAT  \\$aBATCH$b00$c20090625$lBLL01$h1704
=CAT  \\$aBATCH-UPD$b00$c20140420$lBLL01$h2225
=CAT  \\$aBATCH-UPD$b00$c20160217$lBLL01$h1826
=CAT  \\$aWR16_021$c20160618$lBLL01$h1804
=FIN  \\$aY$d20081114
=FMT  \\$a  BK
=LAS  \\$aWR16_021$b00$c20160618$lBLL01$h1804
=SID  \\$aZ39$bOCLC

