=LDR  01876 am a2200517 a 4500
=001  013820404
=003  Uk
=005  20081114142603.0
=008  070804s2007\\\\enka\\\\\b\\\\000\0\eng\d
=015  \\$aGBA8D0125$2bnb
=016  7\$a013820404$2Uk
=020  \\$cNo price (pbk.)
=035  \\$a(OCoLC)172963107
=040  \\$aEQO$beng$cEQO$dGZM$dUk
=042  \\$aukblsr
=082  04$a658.4058$222
=100  1\$aGörg, Holger.
=245  10$aProductivity effects of international outsourcing :$bevidence from plant level data /$cHolger Görg, Aoife Hanley, Eric Strobl.
=260  \\$aLondon :$bCentre for Economic Policy Research,$c2007.
=300  \\$a26 p. :$bill. ;$c21 cm.
=336  \\$atext$2rdacontent
=337  \\$aunmediated$2rdamedia
=338  \\$avolume$2rdacarrier
=490  1\$aDiscussion paper,$x0265-8003 ;$vno. 6361
=500  \\$a"International trade."
=504  \\$aIncludes bibliographical references.
=530  \\$aAlso available from the CEPR World Wide Web site (www.cepr.org).
=650  \0$aContracting out.
=650  \0$aOffshore assembly industry.
=650  \0$aIndustrial productivity.
=690  7\$aManagement and Business Studies$2blcoll
=700  1\$aHanley, Aoife.
=700  1\$aStrobl, Eric,$d1969-
=710  2\$aCentre for Economic Policy Research (Great Britain)
=830  \0$aDiscussion paper (Centre for Economic Policy Research (Great Britain)) ;$vno. 6361.
=852  41$aBritish Library$bHMNTS$jYK.2008.a.21884
=856  41$uhttp://www.cepr.org/pubs/dps/DP6361.asp
=CAT  \\$a12493$b40$c20070816$lBLL01$h1657
=CAT  \\$a12493$b40$c20070816$lBLL01$h1658
=CAT  \\$a5447$b40$c20081114$lBLL01$h1426
=CAT  \\$aBATCH$b00$c20090625$lBLL01$h1704
=CAT  \\$aWR16_021$c20160618$lBLL01$h1804
=FIN  \\$aY$d20081114
=FMT  \\$a  BK
=LAS  \\$aWR16_021$b00$c20160618$lBLL01$h1804
=SID  \\$aZ39$bOCLC

