=LDR  01821 am a2200505 a 4500
=001  013945393
=003  Uk
=005  20081126143904.0
=008  070411s2007\\\\enk\\\\\\b\\\\000\0\eng\d
=015  \\$aGBA8D5161$2bnb
=016  7\$a013945393$2Uk
=020  \\$cNo price (pbk.)
=035  \\$a(OCoLC)175175514
=040  \\$aEQO$beng$cEQO$dGZM$dUk
=042  \\$aukblsr
=082  04$a338.06$222
=100  1\$aNgai, Liwa Rachel.
=245  10$aOn the long run determinants of industry TFP growth rates /$cLiwa Rachel Ngai, Roberto Samaniego.
=260  \\$aLondon :$bCentre for Economic Policy Research,$c2007.
=300  \\$a40 p. ;$c21 cm.
=336  \\$atext$2rdacontent
=337  \\$aunmediated$2rdamedia
=338  \\$avolume$2rdacarrier
=490  1\$aDiscussion paper,$x0265-8003 ;$vno. 6408
=500  \\$a"International macroeconomics."
=504  \\$aIncludes bibliographical references.
=530  \\$aAlso available from the CEPR World Wide Web site (www.cepr.org).
=650  \0$aIndustrial productivity.
=650  \0$aResearch, Industrial.
=650  \0$aTechnological innovations.
=690  7\$aManagement and Business Studies$2blcoll
=700  1\$aSamaniego, Roberto M.
=710  2\$aCentre for Economic Policy Research (Great Britain)
=830  \0$aDiscussion paper (Centre for Economic Policy Research (Great Britain)) ;$vno. 6408.
=852  41$aBritish Library$bHMNTS$jYC.2008.a.11685
=856  41$uhttp://www.cepr.org/pubs/dps/DP6408.asp
=CAT  \\$a12493$b40$c20070914$lBLL01$h1028
=CAT  \\$a12493$b40$c20070914$lBLL01$h1029
=CAT  \\$a5447$b40$c20081126$lBLL01$h1439
=CAT  \\$aBATCH$b00$c20090625$lBLL01$h1709
=CAT  \\$aWR16_021$c20160618$lBLL01$h1809
=FIN  \\$aY$d20081126
=FMT  \\$a  BK
=LAS  \\$aWR16_021$b00$c20160618$lBLL01$h1809
=SID  \\$aZ39$bOCLC

