=LDR  01752 am a2200481 a 4500
=001  013945419
=003  Uk
=005  20081126154606.0
=008  071015s2007\\\\enka\\\\\b\\\\000\0\eng\d
=015  \\$aGBA8D5102$2bnb
=016  7\$a013945419$2Uk
=020  \\$cNo price (pbk.)
=035  \\$a(OCoLC)174144302
=040  \\$aGZM$cGZM$dUk
=042  \\$aukblsr
=082  04$a338.9$222
=100  1\$aAlgan, Yann.
=245  10$aSocial attitudes and economic development :$ban epidemiological approach /$cYann Algan, Pierre Cahuc.
=260  \\$aLondon :$bCentre for Economic Policy Research,$c2007.
=300  \\$a46 p. :$bill. ;$c21 cm.
=336  \\$atext$2rdacontent
=337  \\$aunmediated$2rdamedia
=338  \\$avolume$2rdacarrier
=490  1\$aDiscussion paper series,$x0265-8003 ;$vno. 6403
=500  \\$a"Development economics and labour economics"--cover.
=504  \\$aIncludes bibliographical references.
=530  \\$aAlso available from the CEPR World Wide Web site (www.cepr.org).
=650  \0$aEconomic development.
=690  7\$aManagement and Business Studies$2blcoll
=700  1\$aCahuc, Pierre.
=710  2\$aCentre for Economic Policy Research (Great Britain)
=830  \0$aDiscussion paper (Centre for Economic Policy Research (Great Britain)) ;$vno. 6403.
=852  41$aBritish Library$bHMNTS$jYC.2008.a.11646
=856  41$uhttp://www.cepr.org/pubs/dps/DP6403.asp
=CAT  \\$a12493$b40$c20070914$lBLL01$h1045
=CAT  \\$a5751$b40$c20081126$lBLL01$h1141
=CAT  \\$a5751$b40$c20081126$lBLL01$h1546
=CAT  \\$aBATCH$b00$c20090625$lBLL01$h1709
=CAT  \\$aWR16_021$c20160618$lBLL01$h1809
=FIN  \\$aY$d20081126
=FMT  \\$a  BK
=LAS  \\$aWR16_021$b00$c20160618$lBLL01$h1809
=SID  \\$aZ39$bOCLC

