=LDR  01928 am a2200529 a 4500
=001  013945469
=003  Uk
=005  20081126155155.0
=008  071015s2007\\\\enka\\\\\b\\\\000\0\eng\d
=015  \\$aGBA8D5167$2bnb
=016  7\$a013945469$2Uk
=020  \\$cNo price (pbk.)
=035  \\$a(OCoLC)174144137
=040  \\$aGZM$cGZM$dUk
=042  \\$aukblsr
=082  04$a658.4058$222
=100  10$aEkholm, Karolina.
=245  12$aA new look at offshoring and inequality :$bspecialization versus competition /$cKarolina Ekholm, Karen-Helene Ullveit-Moe.
=260  \\$aLondon :$bCentre for Economic Policy Research,$c2007.
=300  \\$a25 p. :$bill. ;$c21 cm.
=336  \\$atext$2rdacontent
=337  \\$aunmediated$2rdamedia
=338  \\$avolume$2rdacarrier
=490  1\$aDiscussion paper series,$x0265-8003 ;$vno. 6402
=500  \\$a"International trade"--cover.
=504  \\$aIncludes bibliographical references.
=530  \\$aAlso available from the CEPR World Wide Web site (www.cepr.org).
=650  \0$aOffshore outsourcing.
=650  \0$aGlobalization.
=650  \0$aWages.
=690  7\$aManagement and Business Studies$2blcoll
=700  1\$aUlltveit-Moe, Karen-Helene.
=710  2\$aCentre for Economic Policy Research (Great Britain)
=830  \0$aDiscussion paper (Centre for Economic Policy Research (Great Britain)) ;$vno. 6402.
=852  41$aBritish Library$bHMNTS$jYC.2008.a.11651
=856  41$uhttp://www.cepr.org/pubs/dps/DP6402.asp
=CAT  \\$a12493$b40$c20070914$lBLL01$h1124
=CAT  \\$a12493$b40$c20070914$lBLL01$h1125
=CAT  \\$a5751$b40$c20081126$lBLL01$h1448
=CAT  \\$a5751$b40$c20081126$lBLL01$h1551
=CAT  \\$aBATCH$b00$c20090625$lBLL01$h1709
=CAT  \\$aWR16_021$c20160618$lBLL01$h1809
=CAT  \\$aBATCH-UPD$b00$c20160618$lBLL01$h1856
=FIN  \\$aY$d20081126
=FMT  \\$a  BK
=LAS  \\$aBATCH-UPD$b00$c20160618$lBLL01$h1856
=SID  \\$aZ39$bOCLC

