=LDR  01899 am a2200505 a 4500
=001  013945492
=003  Uk
=005  20081126142130.0
=008  071023s2007\\\\enk\\\\\\b\\\\000\0\eng\d
=015  \\$aGBA8D5158$2bnb
=016  7\$a013945492$2Uk
=020  \\$cNo price (pbk.)
=035  \\$a(OCoLC)176029494
=040  \\$aGZM$beng$cGZM$dGZM$dUk
=042  \\$aukblsr
=082  04$a336.3$222
=100  1\$aCukierman, Alex.
=245  10$aFiscal policy, labour unions and monetary institutions :$btheir long run impact on unemployment, inflation and welfare /$cAlex Cukierman, Alberto Dalmazzo.
=260  \\$aLondon :$bCentre for Economic Policy Research,$c2007.
=300  \\$a57 p. ;$c21 cm.
=336  \\$atext$2rdacontent
=337  \\$aunmediated$2rdamedia
=338  \\$avolume$2rdacarrier
=490  1\$aDiscussion paper series,$x0265-8003 ;$vno. 6429
=500  \\$a"International macroeconomics, labour economics and public policy."
=504  \\$aIncludes bibliographical references.
=530  \\$aAlso available from the CEPR World Wide Web site (www.cepr.org).
=650  \0$aFiscal policy.
=650  \0$aMonetary policy.
=650  \0$aLabor unions.
=690  7\$aManagement and Business Studies$2blcoll
=700  1\$aDalmazzo, A.$q(Alberto).
=710  2\$aCentre for Economic Policy Research (Great Britain)
=830  \0$aDiscussion paper (Centre for Economic Policy Research (Great Britain)) ;$vno. 6429.
=852  41$aBritish Library$bHMNTS$jYC.2008.a.11687
=856  41$uhttp://www.cepr.org/pubs/dps/DP6429.asp
=CAT  \\$a12493$b40$c20070914$lBLL01$h1137
=CAT  \\$a5447$b40$c20081126$lBLL01$h1421
=CAT  \\$aBATCH$b00$c20090625$lBLL01$h1709
=CAT  \\$aWR16_021$c20160618$lBLL01$h1809
=CAT  \\$aBATCH-UPD$b00$c20171025$lBLL01$h1511
=FIN  \\$aY$d20081126
=FMT  \\$a  BK
=LAS  \\$aBATCH-UPD$b00$c20171025$lBLL01$h1511
=SID  \\$aZ39$bOCLC

