=LDR  01679 am a2200469 a 4500
=001  013945498
=003  Uk
=005  20081126133315.0
=008  071016s2007\\\\enka\\\\\b\\\\000\0\eng\d
=015  \\$aGBA8D5137$2bnb
=016  7\$a013945498$2Uk
=020  \\$cNo price (pbk.)
=035  \\$a(OCoLC)175175644
=040  \\$aEQO$beng$cEQO$dGZM$dUk
=042  \\$aukblsr
=082  04$a321.80151$222
=245  00$aReevaluating the modernization hypothesis /$cDaron Acemoglu ... [et al.].
=260  \\$aLondon :$bCentre for Economic Policy Research,$c2007.
=300  \\$a31, [22] p. :$bill. ;$c21 cm.
=336  \\$atext$2rdacontent
=337  \\$aunmediated$2rdamedia
=338  \\$avolume$2rdacarrier
=490  1\$aDiscussion paper,$x0265-8003 ;$vno. 6430
=500  \\$a"Public policy."
=504  \\$aIncludes bibliographical references.
=530  \\$aAlso available from the CEPR World Wide Web site (www.cepr.org).
=650  \0$aDemocracy$xEconomic aspects.
=650  \0$aDemocratization$xEconomic aspects.
=650  \0$aEconomic development$xPolitical aspects.
=650  \0$aWealth$xPolitical aspects.
=700  1\$aAcemoglu, Daron.
=710  2\$aCentre for Economic Policy Research (Great Britain)
=830  \0$aDiscussion paper (Centre for Economic Policy Research (Great Britain)) ;$vno. 6430.
=852  41$aBritish Library$bHMNTS$jYC.2008.a.11648
=856  41$uhttp://www.cepr.org/pubs/dps/DP6430.asp
=CAT  \\$a12493$b40$c20070914$lBLL01$h1139
=CAT  \\$a5447$b40$c20081126$lBLL01$h1333
=CAT  \\$aWR16_021$c20160618$lBLL01$h1809
=FIN  \\$aY$d20081126
=FMT  \\$a  BK
=LAS  \\$aWR16_021$b00$c20160618$lBLL01$h1809
=SID  \\$aZ39$bOCLC

