=LDR  01981 am a2200553 a 4500
=001  013945503
=003  Uk
=005  20081126134607.0
=008  071016s2007\\\\enk\\\\\\b\\\\000\0\eng\d
=015  \\$aGBA8D5139$2bnb
=016  7\$a013945503$2Uk
=020  \\$cNo price (pbk.)
=035  \\$a(OCoLC)175175652
=040  \\$aEQO$beng$cEQO$dGZM$dUk
=042  \\$aukblsr
=082  04$a336.185$222
=100  1\$aHindriks, Jean.
=245  10$aCompeting in taxes and investment under fiscal equalization /$cJean J.G. Hindriks, Susana Peralta, Shlomo Weber.
=260  \\$aLondon :$bCentre for Economic Policy Research,$c2007.
=300  \\$a15 p. ;$c21 cm.
=336  \\$atext$2rdacontent
=337  \\$aunmediated$2rdamedia
=338  \\$avolume$2rdacarrier
=490  1\$aDiscussion paper,$x0265-8003 ;$vno. 6431
=500  \\$a"Public policy."
=504  \\$aIncludes bibliographical references.
=530  \\$aAlso available from the CEPR World Wide Web site (www.cepr.org).
=650  \0$aIntergovernmental fiscal relations.
=650  \0$aTax incentives.
=650  \0$aFiscal policy.
=650  \0$aPublic investments.
=690  7\$aManagement and Business Studies$2blcoll
=700  1\$aPeralta, Susana.
=700  1\$aWeber, Shlomo.
=710  2\$aCentre for Economic Policy Research (Great Britain)
=830  \0$aDiscussion paper (Centre for Economic Policy Research (Great Britain)) ;$vno. 6431.
=852  41$aBritish Library$bHMNTS$jYC.2008.a.11647
=856  41$uhttp://www.cepr.org/pubs/dps/DP6431.asp
=CAT  \\$a12493$b40$c20070914$lBLL01$h1141
=CAT  \\$a12493$b40$c20070914$lBLL01$h1142
=CAT  \\$a5447$b40$c20081126$lBLL01$h1346
=CAT  \\$aBATCH$b00$c20090625$lBLL01$h1709
=CAT  \\$aWR16_021$c20160618$lBLL01$h1809
=CAT  \\$aBATCH-UPD$b00$c20160618$lBLL01$h1856
=CAT  \\$aBATCH-UPD$b00$c20200710$lBLL01$h2123
=FIN  \\$aY$d20081126
=FMT  \\$a  BK
=LAS  \\$aBATCH-UPD$b00$c20200710$lBLL01$h2123
=SID  \\$aZ39$bOCLC

