=LDR  01799 am a2200493 a 4500
=001  013945507
=003  Uk
=005  20081126144341.0
=008  071016s2007\\\\enk\\\\\\b\\\\000\0\eng\d
=015  \\$aGBA8D5147$2bnb
=016  7\$a013945507$2Uk
=020  \\$cNo price (pbk.)
=035  \\$a(OCoLC)175175666
=040  \\$aEQO$beng$cEQO$dGZM$dUk
=042  \\$aukblsr
=082  04$a418.020681$222
=100  1\$aGinsburgh, Victor.
=245  10$aEconomics of literary translation :$ba simple theory and evidence /$cVictor Ginsburgh, Shlomo Weber, Sheila Weyers.
=260  \\$aLondon :$bCentre for Economic Policy Research,$c2007.
=300  \\$a18 p. ;$c21 cm.
=336  \\$atext$2rdacontent
=337  \\$aunmediated$2rdamedia
=338  \\$avolume$2rdacarrier
=490  1\$aDiscussion paper,$x0265-8003 ;$vno. 6432
=500  \\$a"Public policy."
=504  \\$aIncludes bibliographical references.
=530  \\$aAlso available from the CEPR World Wide Web site (www.cepr.org).
=650  \0$aLiterature$vTranslations$xEconomic aspects.
=650  \0$aTranslating and interpreting$xEconomic aspects.
=700  1\$aWeber, Shlomo.
=700  1\$aWeyers, Sheila.
=710  2\$aCentre for Economic Policy Research (Great Britain)
=830  \0$aDiscussion paper (Centre for Economic Policy Research (Great Britain)) ;$vno. 6432.
=852  41$aBritish Library$bHMNTS$jYC.2008.a.11759
=856  41$uhttp://www.cepr.org/pubs/dps/DP6432.asp
=CAT  \\$a12493$b40$c20070914$lBLL01$h1143
=CAT  \\$a12493$b40$c20070914$lBLL01$h1144
=CAT  \\$a5447$b40$c20081126$lBLL01$h1401
=CAT  \\$a10743$b40$c20081126$lBLL01$h1443
=CAT  \\$aWR16_021$c20160618$lBLL01$h1809
=FIN  \\$aY$d20081126
=FMT  \\$a  BK
=LAS  \\$aWR16_021$b00$c20160618$lBLL01$h1809
=SID  \\$aZ39$bOCLC

