=LDR  02057 am a2200541 a 4500
=001  013945513
=003  Uk
=005  20081201160051.0
=008  070411s2007\\\\enk\\\\\\b\\\\000\0\eng\d
=015  \\$aGBA8D5173$2bnb
=016  7\$a013945513$2Uk
=020  \\$cNo price (pbk.)
=035  \\$a(OCoLC)175175682
=040  \\$aEQO$cEQO$dGZM$dUk
=042  \\$aukblsr
=082  04$a338.82$222
=100  1\$aChristou, Charalambos,$d1976-
=245  10$aPricing, investments and mergers with intertemporal capacity constraints /$cCharalambos Christou, Rossitsa Kotseva, Nikolaos Vettas.
=260  \\$aLondon :$bCentre for Economic Policy Research,$c2007.
=300  \\$a30 p. ;$c21 cm.
=336  \\$atext$2rdacontent
=337  \\$aunmediated$2rdamedia
=338  \\$avolume$2rdacarrier
=490  1\$aDiscussion paper series,$x0265-8003 ;$vno. 6433
=500  \\$a"Industrial organization"--cover.
=504  \\$aIncludes bibliographical references.
=530  \\$aAlso available from the CEPR World Wide Web site (www.cepr.org).
=650  \0$aPricing$xEconometric models.
=650  \0$aCapital investments$xEconometric models.
=650  \0$aConsolidation and merger of corporations$xEconometric models.
=690  7\$aManagement and Business Studies$2blcoll
=700  1\$aKotseva, Rossitsa.
=700  1\$aVettas, Nikolaos.
=710  2\$aCentre for Economic Policy Research (Great Britain)
=830  \0$aDiscussion paper (Centre for Economic Policy Research (Great Britain)) ;$vno. 6433.
=852  41$aBritish Library$bHMNTS$jYK.2008.a.23574
=856  41$uhttp://www.cepr.org/pubs/dps/DP6433.asp
=CAT  \\$a12493$b40$c20070914$lBLL01$h1145
=CAT  \\$a12493$b40$c20070914$lBLL01$h1146
=CAT  \\$a5751$b40$c20081126$lBLL01$h1542
=CAT  \\$a5751$b40$c20081126$lBLL01$h1552
=CAT  \\$a10743$b40$c20081201$lBLL01$h1600
=CAT  \\$aBATCH$b00$c20090625$lBLL01$h1709
=CAT  \\$aWR16_021$c20160618$lBLL01$h1809
=FIN  \\$aY$d20081126
=FMT  \\$a  BK
=LAS  \\$aWR16_021$b00$c20160618$lBLL01$h1809
=SID  \\$aZ39$bOCLC

