=LDR  01902 am a2200529 a 4500
=001  013945521
=003  Uk
=005  20081126120614.0
=008  071023s2007\\\\enka\\\\\b\\\\000\0\eng\d
=015  \\$aGBA8D5119$2bnb
=016  7\$a013945521$2Uk
=020  \\$cNo price (pbk.)
=035  \\$a(OCoLC)176045240
=040  \\$aGZM$beng$cGZM$dGZM$dUk
=042  \\$aukblsr
=082  04$a331.23$222
=100  1\$aCahuc, Pierre.
=245  10$aOptimum taxation and monopsonistic labour market :$bdoes monopsony justify the minimum wage? /$cPierre Cahuc, Guy Laroque.
=260  \\$aLondon :$bCentre for Economic Policy Research,$c2007.
=300  \\$a23 p. :$bill. ;$c21 cm.
=336  \\$atext$2rdacontent
=337  \\$aunmediated$2rdamedia
=338  \\$avolume$2rdacarrier
=490  1\$aDiscussion paper,$x0265-8003 ;$vno. 6416
=500  \\$a"Labour economics and public policy."
=504  \\$aIncludes bibliographical references.
=530  \\$aAlso available from the CEPR World Wide Web site (www.cepr.org).
=650  \0$aIncome tax.
=650  \0$aMinimum wage.
=650  \0$aMonopsonies.
=690  7\$aManagement and Business Studies$2blcoll
=690  7\$aSocial Welfare$2blcoll
=700  1\$aLaroque, Guy.
=710  2\$aCentre for Economic Policy Research (Great Britain)
=830  \0$aDiscussion paper (Centre for Economic Policy Research (Great Britain)) ;$vno. 6416.
=852  41$aBritish Library$bHMNTS$jYC.2008.a.11650
=856  41$uhttp://www.cepr.org/pubs/dps/DP6416.asp
=CAT  \\$a12493$b40$c20070914$lBLL01$h1148
=CAT  \\$a5447$b40$c20081126$lBLL01$h1206
=CAT  \\$aBATCH$b00$c20090625$lBLL01$h1709
=CAT  \\$aBATCH$b00$c20110625$lBLL01$h0532
=CAT  \\$aBATCH-SWP4$c20110627$lBLL01$h1615
=CAT  \\$aWR16_021$c20160618$lBLL01$h1809
=FIN  \\$aY$d20081126
=FMT  \\$a  BK
=LAS  \\$aWR16_021$b00$c20160618$lBLL01$h1809
=SID  \\$aZ39$bOCLC

