=LDR  01784 am a2200505 a 4500
=001  013945535
=003  Uk
=005  20081126132220.0
=008  071016s2007\\\\enka\\\\\b\\\\000\0\eng\d
=015  \\$aGBA8D5133$2bnb
=016  7\$a013945535$2Uk
=020  \\$cNo price (pbk.)
=035  \\$a(OCoLC)175175642
=040  \\$aEQO$beng$cEQO$dGZM$dUk
=042  \\$aukblsr
=082  04$a338.9$222
=100  10$aGradstein, Mark.
=245  10$aInstitutional traps and economic growth /$cMark Gradstein.
=260  \\$aLondon :$bCentre for Economic Policy Research,$c2007.
=300  \\$a36 p. :$bill. ;$c21 cm.
=336  \\$atext$2rdacontent
=337  \\$aunmediated$2rdamedia
=338  \\$avolume$2rdacarrier
=490  1\$aDiscussion paper,$x0265-8003 ;$vno. 6414
=500  \\$a"Public policy."
=504  \\$aIncludes bibliographical references.
=530  \\$aAlso available from the CEPR World Wide Web site (www.cepr.org).
=650  \0$aSocial institutions$xEconomic aspects.
=650  \0$aEconomic development.
=650  \0$aEconomic policy.
=650  \0$aInstitutional economics.
=690  7\$aManagement and Business Studies$2blcoll
=710  2\$aCentre for Economic Policy Research (Great Britain)
=830  \0$aDiscussion paper (Centre for Economic Policy Research (Great Britain)) ;$vno. 6414.
=852  41$aBritish Library$bHMNTS$jYC.2008.a.11649
=856  41$uhttp://www.cepr.org/pubs/dps/DP6314.asp
=CAT  \\$a12493$b40$c20070914$lBLL01$h1155
=CAT  \\$a5447$b40$c20081126$lBLL01$h1322
=CAT  \\$aBATCH$b00$c20090625$lBLL01$h1709
=CAT  \\$aWR16_021$c20160618$lBLL01$h1809
=CAT  \\$aBATCH-UPD$b00$c20160618$lBLL01$h1856
=FIN  \\$aY$d20081126
=FMT  \\$a  BK
=LAS  \\$aBATCH-UPD$b00$c20160618$lBLL01$h1856
=SID  \\$aZ39$bOCLC

