=LDR  01967 am a2200529 a 4500
=001  013945644
=003  Uk
=005  20081126154722.0
=008  070411s2007\\\\enka\\\\\b\\\\000\0\eng\d
=015  \\$aGBA8D5143$2bnb
=016  7\$a013945644$2Uk
=020  \\$cNo price (pbk.)
=035  \\$a(OCoLC)175175741
=040  \\$aEQO$cEQO$dGZM$dUk
=042  \\$aukblsr
=082  04$a332.042$222
=100  1\$aFlandreau, Marc.
=245  10$aBonds and brands :$blessons from the 1820s /$cMarc Flandreau, Juan H. Flores.
=260  \\$aLondon :$bCentre for Economic Policy Research,$c2007.
=300  \\$a[51] p. :$bill. ;$c21 cm.
=336  \\$atext$2rdacontent
=337  \\$aunmediated$2rdamedia
=338  \\$avolume$2rdacarrier
=490  1\$aDiscussion paper series,$x0265-8003 ;$vno. 6420
=500  \\$a"International macroeconomics"--cover.
=504  \\$aIncludes bibliographical references.
=530  \\$aAlso available from the CEPR World Wide Web site (www.cepr.org).
=650  \0$aIntermediation (Finance)$xHistory$y19th century.
=650  \0$aBond market$xHistory$y19th century.
=650  \0$aDebts, Public$xHistory$y19th century.
=690  7\$aManagement and Business Studies$2blcoll
=700  1\$aFlores, Juan H.
=710  2\$aCentre for Economic Policy Research (Great Britain)
=830  \0$aDiscussion paper (Centre for Economic Policy Research (Great Britain)) ;$vno. 6420.
=852  41$aBritish Library$bHMNTS$jYC.2008.a.11645
=856  41$uhttp://www.cepr.org/pubs/dps/DP6420.asp
=CAT  \\$a12493$b40$c20070914$lBLL01$h1333
=CAT  \\$a5751$b40$c20081126$lBLL01$h1352
=CAT  \\$a5751$b40$c20081126$lBLL01$h1547
=CAT  \\$aBATCH$b00$c20090625$lBLL01$h1709
=CAT  \\$aBATCH-UPD$b00$c20131212$lBLL01$h1231
=CAT  \\$aBATCH-UPD$b00$c20131212$lBLL01$h1233
=CAT  \\$aWR16_021$c20160618$lBLL01$h1809
=FIN  \\$aY$d20081126
=FMT  \\$a  BK
=LAS  \\$aWR16_021$b00$c20160618$lBLL01$h1809
=SID  \\$aZ39$bOCLC

