=LDR  01853 am a2200505 a 4500
=001  013945645
=003  Uk
=005  20081126154818.0
=008  071016s2007\\\\enka\\\\\b\\\\000\0\eng\d
=015  \\$aGBA8D5145$2bnb
=016  7\$a013945645$2Uk
=020  \\$cNo price (pbk.)
=035  \\$a(OCoLC)175175142
=040  \\$aEQO$cEQO$dGZM$dUk
=042  \\$aukblsr
=082  04$a382.1042$222
=100  1\$aOttaviano, Gianmarco I. P.
=245  10$aContract enforcement, comparative advantage and long-run growth /$cGianmarco I. P. Ottaviano.
=260  \\$aLondon :$bCentre for Economic Policy Research,$c2007.
=300  \\$a17, [3] p. :$bill. ;$c21 cm.
=336  \\$atext$2rdacontent
=337  \\$aunmediated$2rdamedia
=338  \\$avolume$2rdacarrier
=490  1\$aDiscussion paper series,$x0265-8003 ;$vno. 6419
=500  \\$a"International trade"--cover.
=504  \\$aIncludes bibliographical references.
=530  \\$aAlso available from the CEPR World Wide Web site (www.cepr.org).
=650  \0$aComparative advantage (International trade)
=650  \0$aIncomplete contracts.
=650  \0$aBusiness enterprises.
=650  \0$aEconomic development.
=690  7\$aManagement and Business Studies$2blcoll
=710  2\$aCentre for Economic Policy Research (Great Britain)
=830  \0$aDiscussion paper (Centre for Economic Policy Research (Great Britain)) ;$vno. 6419.
=852  41$aBritish Library$bHMNTS$jYC.2008.a.11656
=856  41$uhttp://www.cepr.org/pubs/dps/DP6419.asp
=CAT  \\$a12493$b40$c20070914$lBLL01$h1335
=CAT  \\$a5751$b40$c20081126$lBLL01$h1359
=CAT  \\$a5751$b40$c20081126$lBLL01$h1548
=CAT  \\$aBATCH$b00$c20090625$lBLL01$h1709
=CAT  \\$aWR16_021$c20160618$lBLL01$h1809
=FIN  \\$aY$d20081126
=FMT  \\$a  BK
=LAS  \\$aWR16_021$b00$c20160618$lBLL01$h1809
=SID  \\$aZ39$bOCLC

