=LDR  01851 am a2200517 a 4500
=001  013945648
=003  Uk
=005  20081126154918.0
=008  071016s2007\\\\enka\\\\\b\\\\000\0\eng\d
=015  \\$aGBA8D5155$2bnb
=016  7\$a013945648$2Uk
=020  \\$cNo price (pbk.)
=035  \\$a(OCoLC)175175129
=040  \\$aEQO$cEQO$dGZM$dUk
=042  \\$aukblsr
=043  \\$an-us---
=082  04$a338.6042$222
=100  1\$aDesmet, Klaus.
=245  10$aSpatial growth and industry age /$cKlaus Desmet, Esteban Rossi-Hansberg.
=260  \\$aLondon :$bCentre for Economic Policy Research,$c2007.
=300  \\$a30 p. :$bill. ;$c21 cm.
=336  \\$atext$2rdacontent
=337  \\$aunmediated$2rdamedia
=338  \\$avolume$2rdacarrier
=490  1\$aDiscussion paper series,$x0265-8003 ;$vno. 6421
=500  \\$a"International trade"--cover.
=504  \\$aIncludes bibliographical references.
=530  \\$aAlso available from the CEPR World Wide Web site (www.cepr.org).
=650  \0$aSpace in economics.
=650  \0$aIndustrial location$zUnited States.
=650  \0$aManufacturing industries$zUnited States.
=690  7\$aManagement and Business Studies$2blcoll
=700  1\$aRossi-Hansberg, Esteban.
=710  2\$aCentre for Economic Policy Research (Great Britain)
=830  \0$aDiscussion paper (Centre for Economic Policy Research (Great Britain)) ;$vno. 6421.
=852  41$aBritish Library$bHMNTS$jYC.2008.a.11654
=856  41$uhttp://www.cepr.org/pubs/dps/DP6421.asp
=CAT  \\$a12493$b40$c20070914$lBLL01$h1337
=CAT  \\$a5751$b40$c20081126$lBLL01$h1411
=CAT  \\$a5751$b40$c20081126$lBLL01$h1549
=CAT  \\$aBATCH$b00$c20090625$lBLL01$h1709
=CAT  \\$aWR16_021$c20160618$lBLL01$h1809
=FIN  \\$aY$d20081126
=FMT  \\$a  BK
=LAS  \\$aWR16_021$b00$c20160618$lBLL01$h1809
=SID  \\$aZ39$bOCLC

