=LDR  01833 am a2200481 a 4500
=001  014055976
=003  Uk
=005  20081117135827.0
=008  071001s2007\\\\enka\\\\\b\\\\000\0\eng\c
=015  \\$aGBA780826$2bnb
=016  7\$a014055976$2Uk
=020  \\$cNo price (pbk.)
=035  \\$a(WlAbNL)vtls003581791
=040  \\$aGZM$beng$cGZM$dWlAbNL$dUk
=042  \\$aukscp
=082  04$a336.2424$222
=100  10$aFlodén, Martin.
=245  10$aWhy are capital income taxes so high? /$cMartin Floden.
=260  \\$aLondon :$bCentre for Economic Policy Research,$c2007.
=300  \\$a27 p. :$bill. ;$c21 cm.
=336  \\$atext$2rdacontent
=337  \\$aunmediated$2rdamedia
=338  \\$avolume$2rdacarrier
=490  1\$aDiscussion paper / Centre for Economic Policy Research,$x0265-8003 ;$vno. 6366.$aInternational macroeconomics
=500  \\$a"July 2007".
=504  \\$aIncludes bibliographical references (p. 21-22).
=530  \\$aAlso available from the CEPR World Wide Web site (www.cepr.org).
=650  \0$aCapital gains tax.
=690  7\$aManagement and Business Studies$2blcoll
=710  2\$aCentre for Economic Policy Research (Great Britain)
=830  \0$aDiscussion paper (Centre for Economic Policy Research (Great Britain)) ;$vno. 6366.
=852  41$aBritish Library$bHMNTS$jYK.2008.a.21875
=856  41$uhttp://www.cepr.org/pubs/dps/DP6366.asp
=985  \\$aLDLSCP record - no ISBN match on import to BLL01
=CAT  \\$aBATCH-LDL$b00$c20071009$lBLL01$h0359
=CAT  \\$aBATCH-UPD$b00$c20071009$lBLL01$h0410
=CAT  \\$a11014$b40$c20081117$lBLL01$h1358
=CAT  \\$aBATCH$b00$c20090625$lBLL01$h1710
=CAT  \\$aWR16_021$c20160618$lBLL01$h1813
=CAT  \\$aBATCH-UPD$b00$c20160618$lBLL01$h1923
=FIN  \\$aY$d20081117
=FMT  \\$a  BK
=LAS  \\$aBATCH-UPD$b00$c20160618$lBLL01$h1923

