=LDR  01955 am a2200493 a 4500
=001  014055980
=003  Uk
=005  20081117121433.0
=008  070804s2007\\\\enka\\\\\b\\\\000\0\eng\c
=015  \\$aGBA780830$2bnb
=016  7\$a014055980$2Uk
=035  \\$a(WlAbNL)vtls003582862
=040  \\$aEQO$beng$cEQO$dGZM$dWlAbNL$dUk
=042  \\$aukscp
=082  04$a381.015118$222
=100  1\$aBaldwin, Richard E.
=245  10$aZeros, quality and space :$btrade theory and trade evidence /$cRichard Baldwin, James Harrigan.
=260  \\$aLondon :$bCentre for Economic Policy Research,$c2007.
=300  \\$a54 p. :$bill. ;$c21 cm.
=336  \\$atext$2rdacontent
=337  \\$aunmediated$2rdamedia
=338  \\$avolume$2rdacarrier
=490  1\$aDiscussion paper / Centre for Economic Policy Research,$x0265-8003 ;$vno. 6368.$aInternational trade
=500  \\$a"July 2007".
=504  \\$aIncludes bibliographical references (p. 26-27).
=530  \\$aAlso available from the CEPR World Wide Web site (www.cepr.org).
=650  \0$aInternational trade$xEconometric models.
=650  \0$aExports$zUnited States$xEconometric models.
=690  7\$aManagement and Business Studies$2blcoll
=700  1\$aHarrigan, James.
=710  2\$aCentre for Economic Policy Research (Great Britain)
=830  \0$aDiscussion paper (Centre for Economic Policy Research (Great Britain)) ;$vno. 6368.
=852  41$aBritish Library$bHMNTS$jYK.2008.a.21878
=856  41$uhttp://www.cepr.org/pubs/dps/DP6368.asp
=985  \\$aLDLSCP record - no ISBN match on import to BLL01
=CAT  \\$aBATCH-LDL$b00$c20071009$lBLL01$h0359
=CAT  \\$aBATCH-UPD$b00$c20071009$lBLL01$h0410
=CAT  \\$a11014$b40$c20081117$lBLL01$h1214
=CAT  \\$aBATCH$b00$c20090625$lBLL01$h1710
=CAT  \\$aBATCH-UPD$b00$c20160425$lBLL01$h2028
=CAT  \\$aWR16_021$c20160618$lBLL01$h1813
=FIN  \\$aY$d20081117
=FMT  \\$a  BK
=LAS  \\$aWR16_021$b00$c20160618$lBLL01$h1813

