=LDR  02001 am a2200529 a 4500
=001  014405611
=003  Uk
=005  20080702141027.0
=008  071206s2007\\\\enka\\\\\b\\\\000\0\eng\d
=015  \\$aGBA884369$2bnb
=016  7\$a014405611$2Uk
=020  \\$cNo price (pbk.)
=035  \\$a(OCoLC)183258830
=040  \\$aEQO$cEQO$dGZM$dUk
=042  \\$aukblsr
=082  04$a658.1552$222
=100  1\$aEdelstein, Paul.
=245  14$aThe response of business fixed investment to changes in energy prices :$ba test of some hypotheses about the transmission of energy price shocks /$cPaul Edelstein, Lutz Kilian.
=260  \\$aLondon :$bCentre for Economic Policy Research,$c2007.
=300  \\$a[63] p. :$bill. ;$c21 cm.
=336  \\$atext$2rdacontent
=337  \\$aunmediated$2rdamedia
=338  \\$avolume$2rdacarrier
=490  1\$aDiscussion paper,$x0265-8003 ;$vno. 6507
=500  \\$a"Issued under the auspices of the Centre's research programme in International Macroeconomics."
=500  \\$a"October 2007."
=504  \\$aIncludes bibliographical references.
=530  \\$aAlso available via the Internet.
=650  \0$aPetroleum products$xPrices.
=650  \0$aCosts, Industrial.
=650  \0$aCapital investments.
=690  7\$aManagement and Business Studies$2blcoll
=700  1\$aKilian, Lutz.
=710  2\$aCentre for Economic Policy Research (Great Britain)
=830  \0$aDiscussion paper (Centre for Economic Policy Research (Great Britain)) ;$vno. 6507.
=852  41$aBritish Library$bHMNTS$jYK.2008.a.12185
=856  41$uhttp://www.cepr.org/pubs/dps/DP6507.asp
=CAT  \\$a6923$b40$c20071119$lBLL01$h1200
=CAT  \\$a6923$b40$c20071119$lBLL01$h1202
=CAT  \\$a5447$b40$c20080702$lBLL01$h1359
=CAT  \\$a5447$b40$c20080702$lBLL01$h1410
=CAT  \\$aBATCH$b00$c20090625$lBLL01$h1712
=CAT  \\$aWR16_021$c20160618$lBLL01$h1819
=FIN  \\$aY$d20080702
=FMT  \\$a  BK
=LAS  \\$aWR16_021$b00$c20160618$lBLL01$h1819
=SID  \\$aZ39$bOCLC

