=LDR  01836 am a2200481 a 4500
=001  014405667
=003  Uk
=005  20080702124122.0
=008  071204s2007\\\\enka\\\\\b\\\\000\0\eng\d
=015  \\$aGBA884354$2bnb
=016  7\$a014405667$2Uk
=020  \\$cNo price (pbk.)
=035  \\$a(OCoLC)183258825
=040  \\$aEQO$cEQO$dGZM$dOCLCG$dUk
=042  \\$aukblsr
=082  04$a338.9$222
=100  1\$aPoelhekke, Steven.
=245  10$aVolatility, financial development and the natural resource curse /$cSteven Poelhekke, Frederick van der Ploeg.
=260  \\$aLondon :$bCentre for Economic Policy Research,$c2007.
=300  \\$a25, x p. :$bill. ;$c21 cm.
=336  \\$atext$2rdacontent
=337  \\$aunmediated$2rdamedia
=338  \\$avolume$2rdacarrier
=490  1\$aDiscussion paper,$x0265-8003 ;$vno. 6513
=504  \\$aIncludes bibliographical references (p. 20-24).
=530  \\$aAlso available via the internet at http://www.cepr.org/pubs/dps/DP6513.asp.
=650  \0$aEconomic development$zDeveloping countries.
=650  \0$aNatural resources$zDeveloping countries.
=650  \0$aPolitical stability$zDeveloping countries.
=690  7\$aManagement and Business Studies$2blcoll
=700  1\$aPloeg, Frederick van der,$d1956-
=710  2\$aCentre for Economic Policy Research (Great Britain)
=830  \0$aDiscussion paper (Centre for Economic Policy Research (Great Britain)) ;$vno. 6513.
=852  41$aBritish Library$bHMNTS$jYK.2008.a.12176
=856  41$uhttp://www.cepr.org/pubs/dps/DP6513.asp
=CAT  \\$a6923$b40$c20071119$lBLL01$h1223
=CAT  \\$a12167$b40$c20080702$lBLL01$h1241
=CAT  \\$aBATCH$b00$c20090625$lBLL01$h1712
=CAT  \\$aWR16_021$c20160618$lBLL01$h1819
=FIN  \\$aY$d20080702
=FMT  \\$a  BK
=LAS  \\$aWR16_021$b00$c20160618$lBLL01$h1819
=SID  \\$aZ39$bOCLC

