=LDR  01957 am a2200529 a 4500
=001  014405726
=003  Uk
=005  20080703085803.0
=008  080207s2007\\\\enka\\\\\b\\\\000\0\eng\d
=015  \\$aGBA884415$2bnb
=016  7\$a014405726$2Uk
=020  \\$cNo price (pbk.)
=035  \\$a(OCoLC)191870706
=040  \\$aGZM$cGZM$dUk
=042  \\$aukblsr
=082  04$a331.12809494$222
=100  1\$aBehncke, Stefanie.
=245  10$aTargeting labour market programmes :$bresults from a randomised experiment /$cStefanie Behncke, Markus Frölich, Michael Lechner.
=260  \\$aLondon :$bCentre for Economic Policy Research,$c2007.
=300  \\$a40 p. :$bill. ;$c21 cm.
=336  \\$atext$2rdacontent
=337  \\$aunmediated$2rdamedia
=338  \\$avolume$2rdacarrier
=490  1\$aDiscussion paper,$x0265-8003 ;$vno. 6537
=500  \\$a"October 2007."
=500  \\$a"Issued under the auspices of the Centre's research programme in Labour Economics."
=504  \\$aIncludes bibliographical references.
=530  \\$aAlso available via the Internet.
=650  \0$aLabor market$zSwitzerland.
=690  7\$aManagement and Business Studies$2blcoll
=690  7\$aSocial Welfare$2blcoll
=700  1\$aFrölich, Markus.
=700  1\$aLechner, Michael,$d1962-
=710  2\$aCentre for Economic Policy Research (Great Britain)
=830  \0$aDiscussion paper (Centre for Economic Policy Research (Great Britain)) ;$vno. 6537.
=852  41$aBritish Library$bHMNTS$jYK.2008.a.18207
=856  41$uhttp://www.cepr.org/pubs/dps/DP6537.asp
=CAT  \\$a6923$b40$c20071119$lBLL01$h1324
=CAT  \\$a5447$b40$c20080703$lBLL01$h0858
=CAT  \\$aBATCH$b00$c20090625$lBLL01$h1712
=CAT  \\$aBATCH$b00$c20110625$lBLL01$h0533
=CAT  \\$aBATCH-SWP4$c20110627$lBLL01$h1617
=CAT  \\$aWR16_021$c20160618$lBLL01$h1819
=FIN  \\$aY$d20080703
=FMT  \\$a  BK
=LAS  \\$aWR16_021$b00$c20160618$lBLL01$h1819
=SID  \\$aZ39$bOCLC

