=LDR  01860 am a2200529 a 4500
=001  014405771
=003  Uk
=005  20080702134509.0
=008  071106s2007\\\\enka\\\\\b\\\\000\0\eng\d
=015  \\$aGBA884313$2bnb
=016  7\$a014405771$2Uk
=020  \\$cNo price (pbk.)
=035  \\$a(OCoLC)182733337
=040  \\$aEQO$cEQO$dGZM$dUk
=042  \\$aukblsr
=082  04$a332.6322$222
=100  1\$aDorn, Daniel,$d1975-
=245  10$aPreferred risk habitat of individual investors /$cDaniel Dorn and Gur Huberman.
=260  \\$aLondon :$bCentre for Economic Policy Research,$c2007.
=300  \\$a53 p. :$bill. ;$c21 cm.
=336  \\$atext$2rdacontent
=337  \\$aunmediated$2rdamedia
=338  \\$avolume$2rdacarrier
=490  1\$aDiscussion paper,$x0265-8003 ;$vno. 6532
=500  \\$a"October 2007."
=500  \\$aTitle from cover.
=500  \\$a"Issued under the auspices of the Centre's research programme in Financial Economics"--T.p. verso.
=504  \\$aIncludes bibliographical references.
=530  \\$aAlso available via the Internet.
=650  \0$aInvestments.
=650  \0$aRisk.
=650  \0$aSpeculation.
=690  7\$aManagement and Business Studies$2blcoll
=700  1\$aHuberman, Gur.
=710  2\$aCentre for Economic Policy Research (Great Britain)
=830  \0$aDiscussion paper (Centre for Economic Policy Research (Great Britain)) ;$vno. 6532.
=852  41$aBritish Library$bHMNTS$jYK.2008.a.12186
=856  41$uhttp://www.cepr.org/pubs/dps/DP6532.asp
=CAT  \\$a6923$b40$c20071119$lBLL01$h1344
=CAT  \\$a5447$b40$c20080702$lBLL01$h1339
=CAT  \\$a5447$b40$c20080702$lBLL01$h1345
=CAT  \\$aBATCH$b00$c20090625$lBLL01$h1712
=CAT  \\$aWR16_021$c20160618$lBLL01$h1819
=FIN  \\$aY$d20080702
=FMT  \\$a  BK
=LAS  \\$aWR16_021$b00$c20160618$lBLL01$h1819
=SID  \\$aZ39$bOCLC

