=LDR  01877 am a2200517 a 4500
=001  014405815
=003  Uk
=005  20080702142515.0
=008  071204s2007\\\\enka\\\\\b\\\\000\0\eng\d
=015  \\$aGBA884380$2bnb
=016  7\$a014405815$2Uk
=020  \\$cNo price (pbk.)
=035  \\$a(OCoLC)183258791
=040  \\$aEQO$cEQO$dGZM$dOCLCG$dUk
=042  \\$aukblsr
=082  04$a332.46$222
=100  10$aMihov, Ilian.
=245  10$aIs old money better than new? :$bduration and monetary regimes /$cIlian Mihov, Andrew K. Rose.
=260  \\$aLondon :$bCentre for Economic Policy Research,$c2007.
=300  \\$a35 p. :$bill. ;$c21 cm.
=336  \\$atext$2rdacontent
=337  \\$aunmediated$2rdamedia
=338  \\$avolume$2rdacarrier
=490  1\$aDiscussion paper,$x0265-8003 ;$vno. 6529
=500  \\$a"October 2007."
=500  \\$a"Issued under the auspices of the Centre's research programme in International Macroeconomics."
=504  \\$aIncludes bibliographical references.
=530  \\$aAlso available via the Internet.
=650  \0$aMonetary policy.
=650  \0$aInflation (Finance)
=650  \0$aForeign exchange rates.
=690  7\$aManagement and Business Studies$2blcoll
=700  1\$aRose, Andrew,$d1959-
=710  2\$aCentre for Economic Policy Research (Great Britain)
=830  \0$aDiscussion paper (Centre for Economic Policy Research (Great Britain)) ;$vno. 6529.
=852  41$aBritish Library$bHMNTS$jYK.2008.a.12183
=856  41$uhttp://www.cepr.org/pubs/dps/DP6529.asp
=CAT  \\$a6923$b40$c20071119$lBLL01$h1358
=CAT  \\$a5447$b40$c20080702$lBLL01$h1425
=CAT  \\$aBATCH$b00$c20090625$lBLL01$h1712
=CAT  \\$aWR16_021$c20160618$lBLL01$h1819
=CAT  \\$aBATCH-UPD$b00$c20160618$lBLL01$h2022
=FIN  \\$aY$d20080702
=FMT  \\$a  BK
=LAS  \\$aBATCH-UPD$b00$c20160618$lBLL01$h2022
=SID  \\$aZ39$bOCLC

