=LDR  01996aam a2200517 a 4500
=001  014468126
=003  Uk
=005  20081022110640.0
=008  071006s2007\\\\enk\\\\\\b\\\\000\0\eng\c
=015  \\$aGBA7A1004$2bnb
=016  7\$a014468126$2Uk
=020  \\$cNo price (pbk.)
=035  \\$a(WlAbNL)vtls004431025
=040  \\$aEQO$beng$cEQO$dGZM$dUk
=042  \\$aukscp
=082  04$a332.6730151$222
=100  1\$aKesternich, Iris.
=245  10$aWho is afraid of political risk? :$bmultinational firms and their choice of capital structure /$cIris Kesternich, Monika Schnitzer.
=260  \\$aLondon :$bCentre for Economic Policy Research,$c2007.
=300  \\$a32, [9] p. ;$c21 cm.
=336  \\$atext$2rdacontent
=337  \\$aunmediated$2rdamedia
=338  \\$avolume$2rdacarrier
=490  1\$aDiscussion paper / Centre for Economic Policy Research,$x0265-8003 ;$vno. 6468
=500  \\$a"September 2007".
=504  \\$aIncludes bibliographical references.
=530  \\$aAlso available from the CEPR World Wide Web site (www.cepr.org).
=650  \0$aCountry risk.
=650  \0$aInternational business enterprises$xFinance.
=650  \0$aInvestments, Foreign.
=690  7\$aManagement and Business Studies$2blcoll
=700  1\$aSchnitzer, Monika.
=710  2\$aCentre for Economic Policy Research (Great Britain)
=830  \0$aDiscussion paper (Centre for Economic Policy Research (Great Britain)) ;$vno. 6468.
=852  41$aBritish Library$bHMNTS$jYC.2008.a.10363
=856  41$uhttp://www.cepr.org/pubs/dps/DP6468.asp
=985  \\$aLDLSCP record - no ISBN match on import to BLL01
=CAT  \\$aBATCH-LDL$b00$c20071211$lBLL01$h0216
=CAT  \\$aBATCH-UPD$b00$c20071211$lBLL01$h0216
=CAT  \\$aBATCH-UPD$b00$c20080306$lBLL01$h2012
=CAT  \\$a7000$b40$c20081022$lBLL01$h1106
=CAT  \\$aBATCH$b00$c20090625$lBLL01$h1713
=CAT  \\$aWR16_021$c20160618$lBLL01$h1822
=FIN  \\$aY$d20081022
=FMT  \\$a  BK
=LAS  \\$aWR16_021$b00$c20160618$lBLL01$h1822

