=LDR  01837 am a2200505 a 4500
=001  014698553
=003  Uk
=005  20090929115517.0
=008  080913s2008\\\\enka\\\\\b\\\\000\0\eng\d
=015  \\$aGBA993820$2bnb
=016  7\$a014698553$2Uk
=020  \\$cNo price (pbk.)
=035  \\$a(OCoLC)244979609
=040  \\$aEQO$cEQO$dGZM$dUk
=042  \\$aukblsr
=082  04$a338.8$222
=100  1\$aMotta, Massimo.
=245  12$aA political economy model of merger policy in international markets /$cMassimo Motta, Michele Ruta.
=260  \\$aLondon :$bCentre for Economic Policy Research,$c2008.
=300  \\$a25 p. :$bill. ;$c21 cm.
=336  \\$atext$2rdacontent
=337  \\$aunmediated$2rdamedia
=338  \\$avolume$2rdacarrier
=490  1\$aDiscussion paper series,$x0265-8003 ;$vno. 6894
=500  \\$a"Industrial organization"--cover.
=504  \\$aIncludes bibliographical references.
=530  \\$aAlso available from the CEPR World Wide Web site (www.cepr.org).
=650  \0$aConsolidation and merger of corporations.
=650  \0$aAntitrust law.
=690  7\$aManagement and Business Studies$2blcoll
=700  1\$aRuta, Michele.
=710  2\$aCentre for Economic Policy Research (Great Britain)
=830  \0$aDiscussion paper (Centre for Economic Policy Research (Great Britain)) ;$vno. 6894.
=852  41$aBritish Library$bHMNTS$jYK.2009.a.26517
=856  41$uhttp://www.cepr.org/pubs/dps/DP6894.asp
=CAT  \\$a6524$b40$c20080820$lBLL01$h0857
=CAT  \\$a5751$b40$c20090929$lBLL01$h0850
=CAT  \\$a5751$b40$c20090929$lBLL01$h1155
=CAT  \\$aBATCH690$c20100715$lBLL01$h2108
=CAT  \\$aBATCH-MBS$c20100716$lBLL01$h2052
=CAT  \\$aWR16_021$c20160622$lBLL01$h1803
=FIN  \\$aY$d20090929
=FMT  \\$a  BK
=LAS  \\$aWR16_021$b00$c20160622$lBLL01$h1803
=SID  \\$aZ39$bOCLC

