=LDR  01910 am a2200529 a 4500
=001  014698724
=003  Uk
=005  20090929115627.0
=008  080806s2008\\\\enka\\\\\b\\\\000\0\eng\d
=015  \\$aGBA993822$2bnb
=016  7\$a014698724$2Uk
=020  \\$cNo price (pbk.)
=035  \\$a(OCoLC)244990559
=040  \\$aEQO$cEQO$dGZM$dUk
=042  \\$aukblsr
=082  04$a332.63220944$222
=100  10$aFoucault, Thierry.
=245  10$aIndividual investors and volatility /$cThierry Foucault, David Sraer, David Thesmar.
=260  \\$aLondon :$bCentre for Economic Policy Research,$c2008.
=300  \\$a43 p. :$bill. ;$c21 cm.
=336  \\$atext$2rdacontent
=337  \\$aunmediated$2rdamedia
=338  \\$avolume$2rdacarrier
=490  1\$aDiscussion paper series,$x0265-8003 ;$vno. 6915
=500  \\$a"Financial economics"--cover.
=504  \\$aIncludes bibliographical references.
=530  \\$aAlso available from the CEPR World Wide Web site (www.cepr.org).
=650  \0$aStockholders$zFrance.
=650  \0$aStocks$zFrance$xRate of return.
=690  7\$aManagement and Business Studies$2blcoll
=700  1\$aSraer, David.
=700  1\$aThesmar, David.
=710  2\$aCentre for Economic Policy Research (Great Britain)
=830  \0$aDiscussion paper (Centre for Economic Policy Research (Great Britain)) ;$vno. 6915.
=852  41$aBritish Library$bHMNTS$jYK.2009.a.26516
=856  41$uhttp://www.cepr.org/pubs/dps/DP6915.asp
=CAT  \\$a6524$b40$c20080820$lBLL01$h1035
=CAT  \\$a5751$b40$c20090929$lBLL01$h0910
=CAT  \\$a5751$b40$c20090929$lBLL01$h1156
=CAT  \\$aBATCH690$c20100715$lBLL01$h2108
=CAT  \\$aBATCH-MBS$c20100716$lBLL01$h2052
=CAT  \\$aWR16_021$c20160622$lBLL01$h1803
=CAT  \\$aBATCH-UPD$b00$c20160622$lBLL01$h1810
=FIN  \\$aY$d20090929
=FMT  \\$a  BK
=LAS  \\$aBATCH-UPD$b00$c20160622$lBLL01$h1810
=SID  \\$aZ39$bOCLC

