=LDR  01932 am a2200541 a 4500
=001  014922578
=003  Uk
=005  20091203085321.0
=008  081013s2008\\\\enka\\\\\b\\\\000\0\eng\d
=015  \\$aGBA9B7155$2bnb
=016  7\$a014922578$2Uk
=035  \\$a(OCoLC)265648057
=040  \\$aEQO$cEQO$dGZM$dUk
=042  \\$aukblsr
=082  04$a339$222
=100  1\$aMaćkowiak, Bartosz.
=245  10$aOn implications of micro price data for macro models /$cBartosz Maćkowiak, Frank Smets.
=260  \\$aLondon :$bCentre for Economic Policy Research,$c2008.
=300  \\$a38 p. :$bill. ;$c21 cm.
=336  \\$atext$2rdacontent
=337  \\$aunmediated$2rdamedia
=338  \\$avolume$2rdacarrier
=490  1\$aDiscussion paper series,$x0265-8003 ;$vno. 6961
=500  \\$a"International macroeconomics"--cover.
=504  \\$aIncludes bibliographical references.
=530  \\$aAlso available from the CEPR World Wide Web site (www.cepr.org).
=650  \0$aMacroeconomics.
=650  \0$aPrices.
=650  \0$aWages.
=650  \0$aInflation (Finance)
=690  7\$aManagement and Business Studies$2blcoll
=700  1\$aSmets, Frank.
=710  2\$aCentre for Economic Policy Research (Great Britain)
=830  \0$aDiscussion paper (Centre for Economic Policy Research (Great Britain)) ;$vno. 6961.
=852  41$aBritish Library$bHMNTS$jYK.2009.a.34900
=856  41$uhttp://www.cepr.org/pubs/dps/DP6961.asp
=CAT  \\$a10983$b40$c20090305$lBLL01$h0920
=CAT  \\$a10983$b40$c20090305$lBLL01$h0922
=CAT  \\$a5751$b40$c20091202$lBLL01$h1634
=CAT  \\$a5751$b40$c20091203$lBLL01$h0853
=CAT  \\$aBATCH690$c20100715$lBLL01$h2111
=CAT  \\$aBATCH-MBS$c20100716$lBLL01$h2054
=CAT  \\$aBATCH-UPD$b00$c20120819$lBLL01$h2227
=CAT  \\$aWR16_021$c20160624$lBLL01$h1808
=FIN  \\$aY$d20091203
=FMT  \\$a  BK
=LAS  \\$aWR16_021$b00$c20160624$lBLL01$h1808
=SID  \\$aZ39$bOCLC

