=LDR  01748 am a2200481 a 4500
=001  014922580
=003  Uk
=005  20091203085127.0
=008  081006s2008\\\\enka\\\\\b\\\\000\0\eng\d
=015  \\$aGBA9B7151$2bnb
=016  7\$a014922580$2Uk
=035  \\$a(OCoLC)265027119
=040  \\$aEQO$cEQO$dGZM$dUk
=042  \\$aukblsr
=082  04$a325.3$222
=100  10$aHead, Keith.
=245  14$aThe erosion of colonial trade linkages after independence /$cKeith Head, Thierry Mayer, John Ries.
=260  \\$aLondon :$bCentre for Economic Policy Research,$c2008.
=300  \\$a34 p. :$bill. ;$c21 cm.
=336  \\$atext$2rdacontent
=337  \\$aunmediated$2rdamedia
=338  \\$avolume$2rdacarrier
=490  1\$aDiscussion paper series,$x0265-8003 ;$vno. 6951
=500  \\$a"International trade and regional economics"--cover.
=504  \\$aIncludes bibliographical references.
=530  \\$aAlso available from the CEPR World Wide Web site (www.cepr.org).
=650  \0$aColonies$xCommerce.
=650  \0$aDecolonization$xEconomic aspects.
=700  1\$aMayer, Thierry.
=700  1\$aRies, John C.
=710  2\$aCentre for Economic Policy Research (Great Britain)
=830  \0$aDiscussion paper (Centre for Economic Policy Research (Great Britain)) ;$vno. 6951.
=852  41$aBritish Library$bHMNTS$jYK.2009.a.34902
=856  41$uhttp://www.cepr.org/pubs/dps/DP6951.asp
=CAT  \\$a6923$b40$c20090305$lBLL01$h0921
=CAT  \\$a5751$b40$c20091202$lBLL01$h1613
=CAT  \\$a5751$b40$c20091203$lBLL01$h0851
=CAT  \\$aBATCH-UPD$b40$c20141221$lBLL01$h1048
=CAT  \\$aWR16_021$c20160624$lBLL01$h1808
=FIN  \\$aY$d20091203
=FMT  \\$a  BK
=LAS  \\$aWR16_021$b00$c20160624$lBLL01$h1808
=SID  \\$aZ39$bOCLC

