=LDR  01935 am a2200517 a 4500
=001  014922590
=003  Uk
=005  20091202091322.0
=008  081013s2008\\\\enka\\\\\b\\\\000\0\eng\d
=015  \\$aGBA9B7054$2bnb
=016  7\$a014922590$2Uk
=035  \\$a(OCoLC)265647727
=040  \\$aEQO$cEQO$dGZM$dUk
=042  \\$aukblsr
=082  04$a330.015195$222
=100  10$aDen Haan, Wouter J.,$d1962-
=245  10$aSolving the incomplete markets model with aggregate uncertainty using explicit aggregation /$cWouter Den Haan, Pontus Rendahl.
=260  \\$aLondon :$bCentre for Economic Policy Research,$c2008.
=300  \\$a22 p. :$bill. ;$c21 cm.
=336  \\$atext$2rdacontent
=337  \\$aunmediated$2rdamedia
=338  \\$avolume$2rdacarrier
=490  1\$aDiscussion paper,$x0265-8003 ;$vno. 6963
=500  \\$a"International macroeconomics."
=500  \\$a"September 2008."
=504  \\$aIncludes bibliographical references.
=530  \\$aAlso available from the CEPR World Wide Web site (www.cepr.org).
=650  \0$aEconometric models.
=690  7\$aManagement and Business Studies$2blcoll
=700  1\$aRendahl, Pontus,$d1979-
=710  2\$aCentre for Economic Policy Research (Great Britain)
=830  \0$aDiscussion paper (Centre for Economic Policy Research (Great Britain)) ;$vno. 6963.
=852  41$aBritish Library$bHMNTS$jYK.2009.a.34888
=856  41$uhttp://www.cepr.org/pubs/dps/DP6963.asp
=CAT  \\$a10983$b40$c20090305$lBLL01$h0933
=CAT  \\$a10983$b40$c20090305$lBLL01$h0940
=CAT  \\$a10983$b40$c20090305$lBLL01$h1325
=CAT  \\$a5447$b40$c20091202$lBLL01$h0913
=CAT  \\$aBATCH690$c20100715$lBLL01$h2111
=CAT  \\$aBATCH-MBS$c20100716$lBLL01$h2054
=CAT  \\$aWR16_021$c20160624$lBLL01$h1808
=CAT  \\$aBATCH-UPD$b00$c20160624$lBLL01$h1857
=FIN  \\$aY$d20091202
=FMT  \\$a  BK
=LAS  \\$aBATCH-UPD$b00$c20160624$lBLL01$h1857
=SID  \\$aZ39$bOCLC

