=LDR  01957 am a2200529 a 4500
=001  014922600
=003  Uk
=005  20091202092748.0
=008  081004s2008\\\\enka\\\\\b\\\\000\0\eng\d
=015  \\$aGBA9B7058$2bnb
=016  7\$a014922600$2Uk
=035  \\$a(OCoLC)263297894
=040  \\$aEQO$cEQO$dGZM$dUk
=042  \\$aukblsr
=082  04$a381.1490943$222
=245  00$aIntra- and inter-format competition among discounters and supermarkets /$cKathleen Cleeren ... [et al.].
=260  \\$aLondon :$bCentre for Economic Policy Research,$c2008.
=300  \\$a40 p. :$bill. ;$c21 cm.
=336  \\$atext$2rdacontent
=337  \\$aunmediated$2rdamedia
=338  \\$avolume$2rdacarrier
=490  1\$aDiscussion paper,$x0265-8003 ;$vno. 6964
=500  \\$a"Industrial organization."
=500  \\$a"September 2008."
=504  \\$aIncludes bibliographical references.
=530  \\$aAlso available from the CEPR World Wide Web site (www.cepr.org).
=650  \0$aCompetition, Unfair$zGermany.
=650  \0$aDiscount houses (Retail trade)$zGermany.
=650  \0$aPrice cutting$zGermany.
=650  \0$aPredatory pricing$zGermany.
=690  7\$aManagement and Business Studies$2blcoll
=700  1\$aCleeren, Kathleen.
=710  2\$aCentre for Economic Policy Research (Great Britain)
=830  \0$aDiscussion paper (Centre for Economic Policy Research (Great Britain)) ;$vno. 6964.
=852  41$aBritish Library$bHMNTS$jYK.2009.a.34886
=856  41$uhttp://www.cepr.org/pubs/dps/DP6964.asp
=CAT  \\$a10983$b40$c20090305$lBLL01$h0944
=CAT  \\$a10983$b40$c20090305$lBLL01$h0945
=CAT  \\$a10983$b40$c20090305$lBLL01$h1325
=CAT  \\$a5447$b40$c20091202$lBLL01$h0927
=CAT  \\$aBATCH690$c20100715$lBLL01$h2111
=CAT  \\$aBATCH-MBS$c20100716$lBLL01$h2054
=CAT  \\$aWR16_021$c20160624$lBLL01$h1808
=FIN  \\$aY$d20091202
=FMT  \\$a  BK
=LAS  \\$aWR16_021$b00$c20160624$lBLL01$h1808
=SID  \\$aZ39$bOCLC

