=LDR  02176 am a2200529 a 4500
=001  014922668
=003  Uk
=005  20091203085556.0
=008  081013s2008\\\\enka\\\\\b\\\\000\0\eng\d
=015  \\$aGBA9B7165$2bnb
=016  7\$a014922668$2Uk
=035  \\$a(OCoLC)265648281
=040  \\$aEQO$cEQO$dGZM$dUk
=042  \\$aukblsr
=082  04$a336.3435091724$222
=100  1\$aPloeg, Frederick van der,$d1956-
=245  10$aHarnessing windfall revenues in developing economies :$bsovereign wealth funds and optimal tradeoffs between citizen dividends, public infrastructure and debt reduction /$cFrederick van der Ploeg, Anthony J. Venables.
=260  \\$aLondon :$bCentre for Economic Policy Research,$c2008.
=300  \\$a32 p. :$bill. ;$c21 cm.
=336  \\$atext$2rdacontent
=337  \\$aunmediated$2rdamedia
=338  \\$avolume$2rdacarrier
=490  1\$aDiscussion paper series,$x0265-8003 ;$vno. 6954
=500  \\$a"Development economics and international macroeconomics"--cover.
=504  \\$aIncludes bibliographical references.
=530  \\$aAlso available from the CEPR World Wide Web site (www.cepr.org).
=650  \0$aInvestment of public funds$zDeveloping countries.
=650  \0$aInvestments, Foreign$zDeveloping countries.
=650  \0$aDebts, Public$zDeveloping countries.
=650  \0$aPublic goods$zDeveloping countries.
=690  7\$aManagement and Business Studies$2blcoll
=700  1\$aVenables, Anthony.
=710  2\$aCentre for Economic Policy Research (Great Britain)
=830  \0$aDiscussion paper (Centre for Economic Policy Research (Great Britain)) ;$vno. 6954.
=852  41$aBritish Library$bHMNTS$jYK.2009.a.34896
=856  41$uhttp://www.cepr.org/pubs/dps/DP6954.asp
=CAT  \\$a10983$b40$c20090305$lBLL01$h1049
=CAT  \\$a10983$b40$c20090305$lBLL01$h1052
=CAT  \\$a5751$b40$c20091203$lBLL01$h0833
=CAT  \\$a5751$b40$c20091203$lBLL01$h0855
=CAT  \\$aBATCH690$c20100715$lBLL01$h2111
=CAT  \\$aBATCH-MBS$c20100716$lBLL01$h2054
=CAT  \\$aWR16_021$c20160624$lBLL01$h1808
=FIN  \\$aY$d20091203
=FMT  \\$a  BK
=LAS  \\$aWR16_021$b00$c20160624$lBLL01$h1808
=SID  \\$aZ39$bOCLC

