=LDR  02011 am a2200541 a 4500
=001  014922679
=003  Uk
=005  20091203085458.0
=008  081011s2008\\\\enka\\\\\b\\\\000\0\eng\d
=015  \\$aGBA9B7157$2bnb
=016  7\$a014922679$2Uk
=035  \\$a(OCoLC)264339778
=040  \\$aEQO$cEQO$dGZM$dUk
=042  \\$aukblsr
=082  04$a332.66$222
=100  1\$aBodnaruk, Andrij,$d1977-
=245  10$aInvestment banks as insiders and the market for corporate control /$cAndriy Bodnaruk, Massimo Massa, Andrei Simonov.
=260  \\$aLondon :$bCentre for Economic Policy Research,$c2008.
=300  \\$a47 p. :$b1 ill. ;$c21 cm.
=336  \\$atext$2rdacontent
=337  \\$aunmediated$2rdamedia
=338  \\$avolume$2rdacarrier
=490  1\$aDiscussion paper series,$x0265-8003 ;$vno. 6953
=500  \\$a"Financial economics"--cover.
=504  \\$aIncludes bibliographical references.
=530  \\$aAlso available from the CEPR World Wide Web site (www.cepr.org).
=650  \0$aInvestment banking.
=650  \0$aInsider trading in securities.
=650  \0$aCorporate governance.
=650  \0$aConsolidation and merger of corporations.
=690  7\$aManagement and Business Studies$2blcoll
=700  1\$aMassa, Massimo.
=700  1\$aSimonov, Andrei,$d1964-
=710  2\$aCentre for Economic Policy Research (Great Britain)
=830  \0$aDiscussion paper (Centre for Economic Policy Research (Great Britain)) ;$vno. 6953.
=852  41$aBritish Library$bHMNTS$jYK.2009.a.34897
=856  41$uhttp://www.cepr.org/pubs/dps/DP6953.asp
=CAT  \\$a10983$b40$c20090305$lBLL01$h1057
=CAT  \\$a10983$b40$c20090305$lBLL01$h1059
=CAT  \\$a5751$b40$c20091202$lBLL01$h1644
=CAT  \\$a5751$b40$c20091203$lBLL01$h0854
=CAT  \\$aBATCH690$c20100715$lBLL01$h2111
=CAT  \\$aBATCH-MBS$c20100716$lBLL01$h2054
=CAT  \\$aWR16_021$c20160624$lBLL01$h1808
=FIN  \\$aY$d20091203
=FMT  \\$a  BK
=LAS  \\$aWR16_021$b00$c20160624$lBLL01$h1808
=SID  \\$aZ39$bOCLC

