=LDR  01957aam a2200481 a 4500
=001  014925049
=003  Uk
=005  20091209153734.0
=008  090126s2009\\\\enka\\\\\b\\\\000\0\eng\c
=015  \\$aGBA924363$2bnb
=016  7\$a014925049$2Uk
=035  \\$a(WlAbNL)vtls004633302
=040  \\$aNLGGC$beng$cNLGGC$dWlAbNL$dUk
=042  \\$aukscp
=082  04$a336.34350973$222
=100  1\$aCorsetti, Giancarlo.
=245  10$aWhat drives US foreign borrowing? :$bevidence on external adjustment to transitory and permanent shocks /$cGiancarlo Corsetti and Panagiotis T. Konstantinou.
=260  \\$aLondon :$bCentre for Economic Policy Research,$c2009.
=300  \\$a31p., [18] p. in various pagination :$bill. ;$c21 cm.
=336  \\$atext$2rdacontent
=337  \\$aunmediated$2rdamedia
=338  \\$avolume$2rdacarrier
=490  1\$aDiscussion papers / Centre for Economic Policy Research ;$vno. 7134.$aInternational macroeconomics
=504  \\$aIncludes bibliographical references.
=650  \0$aCredit$zUnited States.
=650  \0$aLoans$zUnited States.
=650  \0$aCredit$zUnited States$xMathematical models.
=650  \0$aLoans$zUnited States$xMathematical models.
=690  7\$aManagement and Business Studies$2blcoll
=700  1\$aKonstantinou, Panagiotis T.
=830  \0$aDiscussion paper (Centre for Economic Policy Research (Great Britain)) ;$vno. 7134.
=852  41$aBritish Library$bHMNTS$jYK.2009.a.34927
=856  4\$uhttp://www.cepr.org/pubs/new-dps/showdp.asp?dpno=7134
=985  \\$aLDLSCP record - no ISBN match on import to BLL01
=CAT  \\$aBATCH-LDLN$b00$c20090309$lBLL01$h2123
=CAT  \\$aBATCH-UPD$b00$c20090309$lBLL01$h2123
=CAT  \\$a7034$b40$c20091209$lBLL01$h1537
=CAT  \\$aBATCH690$c20100715$lBLL01$h2112
=CAT  \\$aBATCH-MBS$c20100716$lBLL01$h2054
=CAT  \\$aWR16_021$c20160624$lBLL01$h1809
=FIN  \\$aY$d20091209
=FMT  \\$a  BK
=LAS  \\$aWR16_021$b00$c20160624$lBLL01$h1809

